3700 5259
594 829 845 886 ncuustv.
886 817 1129 878 scaunv.
1261 829 1309 893 ιιι

435 947 515 1008 Huic
529 945 653 1013 mandes,
667 942 746 1020 quod
754 939 867 1018 quidem
881 937 957 996 redte
970 952 1098 1013 curatum
1109 935 1190 996 velie.
1271 990 1274 995 ,

434 1045 495 1130 Qi
467 1057 537 1102 ute
551 1044 587 1100 ad
600 1041 742 1118 scopulum
757 1058 772 1094 e
785 1033 939 1112 tranquillo
953 1033 1064 1092 inferat.

434 1139 516 1223 Qid
530 1138 619 1198 minus
631 1129 730 1196 utibile
744 1132 808 1202 fuit,
824 1151 909 1208 quam
923 1131 978 1186 hoc
989 1130 1068 1189 ulcus
1082 1142 1210 1212 tangere,
1276 1143 1313 1197 19

434 1233 501 1290 Aut
515 1231 657 1290 nominare
670 1227 803 1289 uxorem?
824 1223 924 1303 inje&a
939 1221 977 1280 est
991 1222 1051 1301 spec
1065 1222 1152 1301 patri,
1243 1228 1246 1236 '

436 1326 513 1392 Polie
522 1325 599 1394 illam
610 1321 730 1391 extrudi.
751 1320 820 1379 cedo
835 1339 907 1386 nunc
918 1337 1015 1396 porro,
1037 1315 1172 1373 Phormio

436 1420 546 1482 Dotem
560 1419 579 1476 fi
594 1415 723 1494 accipiet,
738 1433 808 1472 uxor
822 1412 948 1489 ducenda
963 1410 1001 1468 est
1014 1411 1145 1485 domum.

436 1513 593 1598 Qidfiet?
614 1511 661 1568 Ge.
673 1509 738 1568 Non
753 1507 826 1580 enim
840 1507 934 1564 ducet.
956 1505 1014 1563 An.
1025 1504 1118 1564 Novi·
1139 1516 1282 1561 caeterum

437 1608 536 1692 Qum
550 1619 698 1688 argentum
708 1615 846 1682 repetent,
861 1601 953 1660 nostra
966 1599 1057 1669 causa,
1066 1597 1185 1658 scilicet!
1278 1614 1288 1652 1
1296 1612 1312 1675 5

440 1704 475 1761 ln
486 1724 598 1762 nervom
609 1700 703 1780 potius
718 1699 781 1758 ibit.
804 1699 850 1756 Ge.
861 1697 941 1757 Nihil
956 1697 993 1755 est
995 1695 1160 1775 ,Antipho,

438 1801 518 1884 Qin
532 1798 604 1858 male
618 1795 754 1854 narrando
768 1792 848 1872 poffit
862 1789 1047 1869 depravarier.

439 1897 488 1956 Tu
502 1897 542 1966 id,
553 1896 630 1974 quod
639 1891 707 1950 boni
720 1889 767 1968 cst²
783 1887 925 1966 excerpis:
947 1885 1030 1955 dicis,
1039 1887 1117 1964 quod
1131 1884 1196 1942 mali
1208 1884 1256 1941 est.

439 1988 522 2070 Audi
536 2007 609 2066 nunc
619 1984 798 2061 ccrrtrajamt
820 1981 1000 2060 frangentem
1015 1977 1163 2057 acceperit,

441 2081 580 2142 Ducenda
590 2079 628 2136 est
643 2097 723 2145 uxor,
734 2088 765 2132 ut
779 2073 835 2150 aia:
857 2071 982 2130 concedo
990 2071 1054 2135 tibi.
1277 2087 1315 2138 ις

441 2176 571 2256 Spatium
586 2173 698 2252 quidem
711 2171 823 2246 tandem
837 2168 1006 2251 adparandia
1021 2166 1137 2256 ιιιιριίἰιε

440 2271 580 2340 Vocandi‚
591 2264 769 2328 sacruficandi
780 2263 894 2322 dabitur
907 2262 1063 2342 paululum.

444 2362 660 2440 Intereaamici,
675 2359 752 2437 quod
765 2355 884 2436 polliciti
895 2356 969 2423 sunt,
983 2357 1100 2415 dabunt.
1148 2342 1150 2349 Δ

445 2464 480 2521 Id
499 2460 546 2519 ille
560 2459 616 2516 illis
637 2455 743 2514 reddet.
774 2449 1052 2532 AmQtamobrem?
1072 2464 1122 2508 aut
1141 2447 1211 2526 quid
1224 2448 1316 2510 dicet?

564 2555 611 2613 Ge.
625 2548 741 2631 Rogas?

442 2655 524 2740 Qot
535 2651 596 2710 ree>
616 2642 736 2727 postilla,
746 2639 865 2700 monstra
876 2652 1028 2698 evenerunt
1041 2637 1126 2696 mihi!
1279 2653 1315 2716 25

445 2745 596 2809 Introiitin
610 2743 690 2802 aedes
705 2751 764 2798 ater
773 2735 877 2793 alienus
890 2732 983 2792 canis.

443 2840 560 2926 Anguis
575 2859 630 2917 per
638 2829 801 2912 impluvium
811 2825 919 2904 decidit
929 2827 963 2884 de
976 2824 1096 2907 tegulis·

444 2938 560 3000 Gallina
574 2931 688 2994 cecinit.
711 2921 855 2986 interdixit
868 2921 1009 2981 hariolus.

445 3033 644 3138 Haruspex
605 3027 693 3088 vetuit
703 3035 767 3082 ante
777 3007 905 3100 brumam
916 3016 1025 3101 aliquid
1035 3015 1098 3074 novi
1220 3092 1223 3095 Ι

444 3129 488 3190 Ne
490 3122 694 3210 gotlincipere.
716 3137 787 3196 quae
801 3111 882 3171 caula
895 3111 934 3170 est
940 3111 1091 3191 Julhlstma
1279 3125 1317 3185 30

446 3225 529 3284 Haec
539 3224 616 3280 fient
638 3219 695 3278 An.
705 3217 749 3274 Ut
758 3212 841 3271 modo
855 3211 933 3266 fiant.
954 3209 1001 3266 Ge.
1014 3205 1111 3268 Fient.
1134 3225 1178 3262 mc
1191 3203 1262 3266 vide

445 3322 530 3393 Pater
540 3332 607 3378 exit
630 3315 686 3384 abi,
701 3312 747 3371 dic
731 3343 757 3382 ,
772 3309 822 3368 elle
832 3321 992 3388 argentum,
1007 3302 1169 3362 Phaedriae.

479 3531 481 3536 ,
589 3441 784 3546 nepus
820 3471 873 3542 ιν.
917 3443 1177 3538 scaun'v.
1248 3434 1251 3438 ’

577 3597 789 3652 DEMIPHO.
816 3595 943 3642 GETA.
970 3589 1181 3642 CHREMES.

705 3727 712 3736 .
787 3708 970 3757 uentano

445 3792 515 3878 QU
522 3789 669 3860 IETUS
693 3787 782 3858 ello,
774 3809 904 3865 mquam.
927 3807 983 3869 ego
996 3782 1112 3852 curabo,
1127 3801 1160 3838 ne
1175 3779 1245 3858 quid
1257 3800 1318 3838 ver
1360 3846 1367 3854 ,

451 3887 472 3928 .·
567 3886 669 3944 borum
680 3883 822 3942 duint.

449 3983 518 4060 Hoc
537 3995 641 4051 temere
663 4000 814 4056 numquam
835 3977 964 4038 amittam
984 3997 1070 4060 egoa
1091 3995 1146 4066 me3
1167 3971 1235 4053 quin
1251 3970 1323 4031 mihi

561 4076 644 4142 testes
660 4074 818 4135 adhibeam.
