3700 5259
514 806 544 861 ιθ
790 806 1117 861 ANDRIA.

510 913 586 975 Cum
596 912 621 973 ir
631 911 702 973 nihil
715 930 887 995 promereat,
900 914 1040 995 postulare
1051 912 1083 973 id
1095 908 1206 997 gratiae
1217 914 1323 993 adponi
1337 913 1403 975 fibi.

510 1009 635 1089 Nuptiae
648 1010 772 1091 effugere
785 1033 841 1093 ego
850 1010 914 1071 istas
924 1010 1011 1081 malo,
1022 1030 1110 1088 quam
1119 1022 1152 1069 tu
1160 1008 1316 1089 adipiscier.

512 1110 562 1171 ch.
575 1106 732 1167 Reddidisti
747 1108 881 1167 animum.
903 1104 1057 1167 1³11.ch
1073 1104 1093 1163 fi
1110 1104 1181 1183 quid
1196 1118 1278 1185 poter
1293 1118 1343 1165 aut
1353 1118 1401 1179 tu,

632 1217 682 1261 aut
693 1202 740 1262 hic
750 1204 886 1282 Bynhia,

512 1293 620 1368 Facite,
631 1298 743 1381 fingite,
754 1298 886 1368 invenite,
897 1296 1010 1366 efficite,
1022 1295 1072 1373 qui
1083 1296 1167 1355 detur
1175 1292 1241 1353 tssri.

510 1392 579 1475 Ego
598 1392 630 1451 id
652 1414 748 1476 agam,
773 1392 843 1451 mihi
867 1393 917 1473 qui
942 1412 976 1451 ne
1001 1394 1093 1453 daur.
1140 1394 1188 1453 ch.
1211 1392 1264 1451 Sat
1290 1390 1395 1451 habeo.

633 1492 689 1547 Pa.
701 1488 816 1546 Davum
826 1502 944 1567 optume
1354 1504 1393 1565 35

509 1582 612 1643 Video.
632 1584 715 1662 hujus
725 1581 840 1641 confilio
850 1582 940 1641 fretur
954 1582 1023 1643 sum.
1047 1585 1096 1647 cb.
1107 1582 1154 1643 At
1164 1597 1197 1645 tu
1211 1581 1305 1643 hercle
1315 1582 1395 1641 haud

630 1676 787 1753 quidquam
798 1674 879 1744 mihi,
1417 1740 1420 1748 ¹

509 1768 570 1828 Nifi
581 1790 624 1841 ea,
638 1792 712 1849 quae
726 1769 796 1829 nihil
807 1792 879 1849 opus
890 1769 954 1828 sunt
967 1768 1045 1829 scire.
1077 1769 1169 1853 fugin’
1181 1769 1264 1831 hinc?
1283 1772 1335 1849 By.
1349 1770 1392 1829 E·

627 1866 919 1949 govero,aclubena.
1019 1864 1024 1869 ’

608 2028 833 2091 ACTUS
876 2027 920 2088 11.
977 2026 1197 2090 ScENA
1239 2028 1283 2089 11.

572 2138 733 2189 navus.
763 2140 1012 2191 curramus.
1042 2136 1323 2189 uaurflluua

878 2252 1011 2295 nevua
1342 2268 1346 2275 ·
1466 2266 1469 2273 ·

506 2326 563 2390 DI
582 2325 662 2396 boni,
690 2325 760 2385 boni
778 2326 850 2405 quid
860 2332 962 2407 porto!
996 2329 1044 2391 sed
1064 2330 1115 2391 ubi
1139 2328 1277 2389 inveniam
1301 2325 1389 2389 Pam·
1568 2340 1569 2379 1

628 2420 751 2501 philam,
1454 2452 1456 2459 ·

506 2521 681 2589 Utmetm,
694 2520 793 2600 inquo
806 2544 881 2583 nunc
891 2524 941 2595 est.
955 2524 1093 2585 adimamr
1113 2536 1200 2603 atque
1214 2520 1341 2605 expleam
1355 2543 1389 2581 a·

539 2645 543 2651 ·
624 2618 731 2675 nimum
742 2618 866 2699 gaudio?
1319 2666 1327 2687 .

506 2714 554 2774 Cb.
566 2712 677 2771 Laetus
686 2711 736 2781 est,
747 2710 839 2771 nescio
848 2711 929 2791 quid.
950 2715 1006 2773 Pa.
1019 2711 1099 2773 Nihil
1110 2713 1164 2773 estr
1180 2716 1305 2775 noudum
1317 2716 1389 2775 haec

625 2806 736 2867 rescivit
746 2806 829 2866 mala.

504 2904 564 2967 Da.
579 2906 676 2992 Qem
691 2924 748 2985 ego
763 2924 837 2963 nuuc
852 2903 947 2974 credo,
964 2902 1056 2983 fijam
1071 2904 1193 2965 audierit
1205 2905 1256 2965 fibi
1271 2918 1386 2986 paratae

625 2999 749 3078 nuptiae.

504 3094 553 3154 ch.
564 3093 678 3154 Audiu'
691 3109 724 3155 tu
737 3093 835 3157 illum?
854 3093 914 3156 Da.
927 3093 1007 3155 Toto
1020 3116 1065 3156 me
1078 3096 1185 3177 oppido
1195 3099 1387 3159 exanimatum
1471 3116 1475 3166 ἶ

625 3213 768 3271 quaerere.
1366 3215 1383 3273 3
1412 3228 1416 3231 ·

502 3288 560 3349 Sed
580 3286 630 3347 ubi
651 3290 804 3366 quaeram?
836 3302 886 3349 aut
907 3310 966 3367 quo
986 3309 1061 3347 nunc
1080 3281 1204 3368 primum
1224 3286 1388 3350 intendam?

624 3383 673 3443 cb.
684 3383 777 3443 Ceffaa
788 3383 913 3463 alloqui?

499 3473 560 3535 Da.
571 3474 669 3536 Abeo.
693 3479 742 3538 ch.
754 3478 852 3537 Dave:
867 3480 944 3537 ader.
966 3475 1065 3537 refiste.
1086 3476 1146 3537 Da.
1156 3474 1231 3563 Qis
1242 3475 1328 3535 homo
1340 3478 1385 3552 Ἠ,

622 3571 672 3651 qui
683 3574 746 3633 me?
758 3573 945 3653 oPampbile,
1291 3572 1383 3651 [volo.

497 3660 544 3723 Te
557 3663 648 3743 ipsum
657 3688 774 3746 quaero.
795 3690 879 3751 euge,
890 3668 1024 3730 Charine.
1046 3669 1131 3729 ambo
1140 3674 1310 3748 opportune.
1333 3692 1383 3730 vor

498 3761 555 3818 Pa.
565 3759 659 3832 Dare,
686 3762 767 3840 perii.
799 3764 859 3823 Da.
873 3752 959 3850 Qin¹
970 3778 1003 3825 tu
1018 3766 1072 3823 hoc
1093 3762 1169 3825 audi.
1200 3766 1257 3824 Pa.
1271 3765 1383 3829 Interii.

620 3856 680 3916 Da.
692 3856 774 3944 Quid
782 3858 960 3919 timeas-scio.

499 3950 549 4012 ch.
559 3946 628 4009 Mea
638 3950 752 4028 quidem
766 3953 860 4048 hercle
873 3969 950 4017 certe
964 3954 993 4017 in
1007 3954 1095 4018 dubio
1108 3956 1167 4017 vita
1179 3956 1222 4017 ’st-
1261 3956 1325 4019 Da.
1337 3956 1380 4016 Et

617 4045 689 4126 quid
697 4059 742 4118 tu,
755 4046 821 4107 scio.
1292 4056 1294 4060 ’
1342 4068 1378 4111 ro
