3700 5259
588 807 621 870 φ
840 797 1161 855 annuenda

591 893 810 980 TiAdeamua.
825 899 898 966 bone
908 900 960 964 vir.
975 890 1068 973 Dore,
1082 901 1173 962 salve:
1188 895 1235 960 dic
1245 892 1323 971 mini,
1340 956 1354 977 ῃ,
1433 933 1448 967 1.

589 997 787 1081 Aufugistin'?
803 1000 851 1060 Ch.
860 995 955 1068 Hera,
965 995 1081 1056 fartum.
1105 986 1459 1074 Th.Satin'idtibiplatet3

586 1095 641 1156 Ch.
651 1093 727 1156 Non.
757 1086 809 1153 Th.
819 1089 933 1153 Credin'
947 1104 977 1149 te
990 1089 1104 1168 impune
1117 1087 1298 1148 habiturum?
1318 1087 1457 1158 Cdllnarn
1538 1148 1539 1175 ἢ

712 1187 785 1246 hanc
800 1184 913 1244 noxiam
1538 1178 1539 1189 ¹

593 1267 697 1342 Mitte:
713 1267 828 1340 sialiam
837 1278 973 1348 admisero
983 1296 1118 1357 unquam,
1132 1279 1266 1340 occidito.
1348 1331 1365 1348 „
1378 1329 1385 1343 ,
1399 1313 1410 1323 ⁴
1428 1313 1440 1331 -.

595 1365 646 1436 Th.
656 1377 734 1436 Num
748 1392 839 1434 meam
856 1372 998 1432 saevitiam
1015 1372 1140 1432 veritus?
1161 1376 1211 1436 Ch.
1221 1376 1298 1434 Non.
1328 1359 1457 1458 'TtQtd

675 1515 677 1522 ,
713 1469 818 1552 igitur?
1423 1482 1454 1547 15

594 1566 643 1626 Ch.
655 1563 741 1624 Hanc
751 1565 849 1632 metui,
864 1577 897 1622 ne'
909 1585 952 1622 me
962 1563 1154 1625 'criminaretur
1164 1563 1229 1626 tibi.

595 1659 646 1722 Th.
661 1660 743 1746 Qid
761 1658 883 1718 feceras?
905 1661 958 1720 Ch..
969 1660 1119 1720 Paululum·
1142 1661 1290 1741 quiddam.
1322 1648 1456 1740 Pssrrsshvl

714 1752 873 1833 paululum,
887 1754 1053 1833 impudens?

593 1849 644 1910 An
656 1847 782 1927 paullum
790 1847 845 1906 hoc
859 1847 909 1906 esse
920 1847 974 1906 tibi
984 1847 1104 1922 ridetur,
1117 1843 1259 1936 virginem

595 1933 707 2005 Vitiare
721 1943 826 2004 civem?
848 1944 896 2003 Ch.
907 1943 1076 2004 Conservam
1085 1944 1135 2006 esse
1143 1950 1260 2008 credidi.

593 2037 646 2119 Py.
658 2031 841 2102 Conservam!
858 2040 903 2099 vix
913 2063 957 2100 mc
966 2038 1109 2127 contineo,
1122 2043 1191 2122 quin
1202 2029 1363 2106 involemin
1426 2053 1460 2098 ²0
1540 2104 1541 2113 ,

594 2133 748 2211 Capillum.
764 2132 935 2204 monstrum3
950 2129 1035 2194 etiam
1049 2128 1124 2195 ultro
1134 2138 1254 2199 derisum
1264 2136 1384 2200 advenit.

596 2219 647 2288 Th.
657 2227 751 2286 Abin'
761 2226 837 2298 hinc,
849 2227 961 2287 insana?
974 2231 1025 2306 Py.
1035 2225 1116 2316 Qid
1125 2230 1167 2290 ita
1174 2231 1258 2294 vero?
1275 2235 1401 2302 debeam,

596 2323 701 2394 Credo,
713 2321 755 2382 isti
766 2323 922 2402 quidquam
932 2322 1074 2395 furcifero,
1085 2325 1104 2384 s1
1115 2312 1146 2385 id
1155 2311 1287 2390 fecerint

598 2419 764 2479 Praesertim
777 2440 841 2480 cnm
851 2419 878 2478 se
889 2419 992 2478 servam
1001 2419 1124 2479 fateatur
1133 2434 1224 2481 tuum.

597 2511 648 2574 Th.
658 2501 740 2574 Missa
749 2515 818 2574 haec
830 2513 975 2574 faciamus.
993 2535 1048 2572 non
1059 2527 1087 2573 te
1098 2504 1228 2596 dignum,
1239 2514 1377 2586 Chaerea,
1428 2524 1460 2586 25

596 2608 705 2667 Fecisti.
728 2630 791 2667 nam
803 2609 851 2668 etsi
864 2630 919 2690 ego
932 2608 1019 2691 digna
1030 2609 1083 2668 hac
1090 2609 1261 2669 contumelia

595 2707 664 2764 Sum
678 2726 822 2778 maxume3
838 2719 866 2764 at
876 2719 908 2764 tu
919 2705 1064 2788 indignus,
1079 2705 1129 2784 qui
1142 2704 1246 2764 faceres
1258 2719 1362 2766 tamen.

594 2800 694 2879 Neque
705 2799 832 2879 aedepol,
844 2800 914 2879 quid
924 2815 999 2858 nunc·
1006 2796 1111 2858 consilii
1125 2799 1246 2879 capiam,
1260 2800 1330 2873 scio,

596 2898 644 2956 De
657 2894 765 2978 virgine
776 2894 857 2954 istac:
874 2894 914 2954 ita
924 2893 1094 2953 conturbasti
1105 2893 1175 2953 mihi

595 2990 732 3048 Rationes
747 3011 854 3060 omnea,
868 3002 901 3048 ut
912 3010 973 3046 eam
983 3008 1038 3046 non
1047 2986 1146 3066 pollini
1155 2981 1225 3058 suis,¹
1430 2998 1465 3062 3⁰

595 3086 642 3142 Ita
652 3097 685 3143 ut
696 3103 817 3162 aequum
825 3085 927 3154 suerat,
945 3097 1031 3162 atque
1041 3097 1074 3142 ut
1082 3083 1183 3154 studui,
1198 3085 1326 3144 tradere:

594 3177 639 3236 Ut
648 3175 766 3234 solidum
776 3198 902 3255 parerem
914 3178 969 3236 hoc
980 3178 1050 3238 mihi
1060 3177 1235 3250 beneficiam,
1250 3179 1386 3239 Chaerea.

595 3273 643 3332 Ch.
653 3272 700 3331 At
711 3259 783 3331 nunc
794 3272 895 3334 dehinc
907 3272 987 3350 spero
998 3286 1139 3332 aeternam
1150 3272 1224 3331 inter
1235 3294 1285 3330 nos
1296 3271 1417 3355 gratiam

595 3363 678 3438 Fore,
693 3367 794 3426 Tlrais.
814 3367 894 3446 saepe
903 3389 937 3426 ex
948 3367 1105 3445 hujusmodi
1119 3389 1153 3426 re
1161 3367 1296 3448 quapiam
1309 3383 1340 3428 et

593 3461 674 3520 Malo
687 3461 827 3542 principio
838 3483 941 3542 magna
954 3461 1128 3521 familiaritas
1429 3468 1461 3532 35

594 3556 725 3617 Conflata
735 3558 781 3617 est.
804 3557 873 3636 quid
884 3558 903 3616 fi
914 3557 972 3615 hoc
978 3557 1114 3637 quispiam
1126 3556 1218 3617 voluit
1227 3558 1328 3621 Deua?

596 3651 647 3711 Tb.
658 3653 799 3732 Equidem
812 3651 861 3732 pol
873 3651 901 3710 in
916 3675 976 3712 eam
989 3667 1099 3733 partem
1108 3653 1283 3734 accipioque,
1299 3670 1328 3714 et
1343 3650 1414 3711 volo.

596 3746 643 3804 Ch.
655 3746 746 3804 Immo
760 3747 801 3806 ita
811 3747 922 3825 quaeso.
943 3769 1028 3806 unum
1041 3748 1095 3805 hoc
1105 3746 1193 3806 scito:
1209 3749 1392 3809 contumeliae

593 3839 659 3897 Non
671 3859 714 3897 me
725 3838 813 3898 fecisse
824 3839 916 3910 causa,
931 3840 978 3899 sed
988 3840 1101 3900 amorir.
1125 3840 1176 3900 Th.
1195 3841 1270 3901 Scio.

593 3935 635 3994 Et
643 3935 691 4013 pol
700 3943 848 4015 propterea
862 3959 947 4020 mage
956 3960 1029 3998 nunc
1041 3938 1156 4021 ignosco
1167 3938 1232 3998 tibi.
1425 3943 1463 4006 40

592 4031 658 4092 Non
668 4031 737 4092 adeo
748 4031 900 4094 inhumano
909 4034 1023 4117 ingenio
1033 4035 1104 4107 sum,
1121 4035 1261 4106 Chaerea,
