3700 5259
579 864 612 930 9⁸
860 857 1178 920 EUNUGHUm

587 975 731 1045 Inventor,
751 968 890 1053 inceptor,
910 964 1072 1056 periodon!
1094 968 1163 1038 lein*
1176 997 1221 1040 me
1241 970 1271 1039 in
1291 962 1392 1059 qulbus
1408 978 1452 1040 lim

705 1068 836 1150 gaudiis?
1216 1081 1219 1085 ’
1434 1090 1450 1150 5

585 1165 647 1228 Scin
661 1165 838 1245 Pamphilam
859 1185 953 1225 meam
973 1164 1115 1227 inventam
1135 1164 1244 1228 civem?
1273 1170 1329 1228 Par
1343 1165 1455 1227 Audiri.

709 1261 758 1320 Cb.
771 1261 832 1320 Scin
846 1260 974 1342 sponsam
987 1259 1076 1320 mihi?
1409 1329 1413 1331 Α

587 1361 643 1418 Pa.
655 1355 743 1428 Beue,
757 1355 798 1415 ita
812 1378 856 1416 me
871 1355 914 1414 Dl
923 1370 1028 1424 ament,
1043 1353 1160 1415 ioelum.
1191 1346 1248 1418 Gn,
1260 1358 1413 1419 Audin’lu
1424 1357 1455 1416 il·

707 1451 777 1523 lum,
787 1443 856 1532 quid
866 1450 924 1510 ait?
946 1449 994 1509 Chr
1005 1448 1084 1509 Turn
1093 1464 1187 1510 autem
1198 1453 1358 1516 Phaedriae

587 1545 656 1606 Meo
676 1544 758 1606 fratri
778 1546 889 1628 gaudeo
903 1557 1026 1602 amorem
1045 1543 1096 1634 elle
1115 1565 1228 1605 omnem
1241 1547 1272 1606 in
1292 1548 1456 1632 tranquillo:

710 1659 765 1699 une
776 1639 809 1698 ’st
822 1639 933 1698 domur.
1042 1644 1051 1725 J

589 1735 680 1796 Thais
690 1735 766 1816 patri
779 1734 806 1796 se
819 1731 1024 1794 commendarit
1037 1732 1066 1791 in
1079 1732 1239 1796 clientelam
1250 1750 1281 1798 et
1293 1739 1394 1801 fidem:

589 1825 682 1890 Nobis
702 1827 780 1887 dedit
793 1826 829 1886 se.
862 1823 918 1886 Pa.
929 1825 1038 1886 Fratris
1051 1825 1141 1910 igitur
1154 1822 1245 1890 Thais
1266 1835 1389 1896 tota'st?
1416 1836 1459 1897 cl.

713 1923 837 1984 Scilicet,
1429 1948 1460 1988 10

592 2021 648 2078 Pa.
657 2020 721 2096 Jam
734 2020 789 2079 hoc
802 2019 880 2080 aliud
893 2020 932 2081 est
948 2019 1028 2099 quod
1044 2021 1235 2102 gaudeamuar
1256 2021 1341 2082 mileo
1352 2025 1461 2107 pellitur

711 2115 797 2174 forae.

593 2199 641 2270 Ch.
653 2209 731 2271 Turn
743 2225 788 2282 tu,
806 2209 894 2272 frater
907 2207 1020 2272 ubiubi
1033 2206 1083 2282 est,
1096 2210 1143 2270 fac
1158 2213 1383 2296 quamprimum
1398 2214 1462 2276 haec

711 2304 818 2364 audiat.
840 2304 897 2365 Pa.
908 2303 1005 2364 Visam
1018 2305 1143 2364 domum.

481 2399 484 2408 ’
594 2387 645 2461 Th.
655 2391 813 2481 Numquid,
835 2401 965 2476 Gnatho,
979 2396 1105 2472 dubitas,
1119 2399 1188 2480 quin
1201 2423 1258 2486 ego
1270 2424 1347 2464 nunc
1366 2426 1460 2488 perpe·

507 2485 522 2496 ⁴
711 2509 763 2556 tuo
775 2495 927 2575 perierim?
1109 2513 1115 2524 ·

592 2591 648 2648 Gn.
661 2588 728 2674 Sine
745 2589 844 2662 dubio,
867 2589 979 2670 opinor.
1009 2591 1059 2652 ch.
1072 2587 1156 2676 Qid
1173 2611 1391 2654 commemorem
1408 2590 1461 2675 pri·

597 2758 599 2764 Α
713 2703 800 2754 mum,
812 2698 862 2744 aut
872 2685 985 2744 laudem
994 2685 1145 2744 maxume?

566 2795 570 2806 ’
593 2769 724 2850 illumne,
739 2777 789 2858 qui
803 2779 873 2838 mihi
890 2780 1035 2842 confilium
1048 2780 1138 2853 dedit,
1156 2794 1190 2842 ut
1202 2773 1340 2845 iacerem:
1362 2805 1399 2843 an
1411 2802 1462 2851 me,

713 2875 763 2956 qui
776 2875 857 2936 ausus
871 2876 920 2934 fim
1430 2892 1461 2956 15

593 2965 739 3054 incipere?
751 2993 786 3031 an
793 2969 935 3032 fortunam
942 2970 1110 3044 collaudem,
1119 2993 1192 3052 quae
1200 2973 1388 3058 gubernatrix
1395 2971 1462 3032 fuitr

591 3071 676 3155 Qae
689 3081 735 3128 tot
750 3089 805 3138 res,
819 3081 924 3138 tantae,
942 3079 1002 3128 tam
1014 3081 1174 3148 opportune
1186 3068 1216 3126 in
1235 3089 1321 3127 unum
1334 3067 1464 3128 conclufit

714 3161 807 3222 diem?
1203 3177 1207 3185 ·

592 3255 644 3336 An
655 3255 709 3316 mei
720 3254 808 3336 patris
817 3253 1007 3328 festivitatem,
1018 3272 1047 3318 et
1056 3252 1238 3318 facilitatem?
1257 3257 1435 3342 dJuppiter!

593 3353 682 3414 Serva
692 3349 805 3412 obsecro
819 3349 888 3407 haec
901 3349 983 3411 nobis
997 3352 1080 3412 bona.
1103 3353 1157 3412 Pb.
1169 3352 1214 3412 Dl
1228 3353 1349 3413 vostram
1362 3349 1460 3414 tidem!

714 3440 888 3503 incredibilia
1547 3434 1548 3443 ’

593 3542 731 3625 l’armeno
750 3536 835 3597 modo
855 3553 929 3612 quae
948 3535 1079 3595 narravit.
1099 3534 1148 3596 sed
1160 3536 1211 3597 ubi
1229 3538 1269 3601 est
1287 3539 1393 3600 frater?
1417 3537 1462 3599 Cb.
1547 3590 1548 3593 ,

712 3632 825 3694 Praesto
836 3628 920 3689 adest.
1429 3649 1464 3692 20
1547 3618 1548 3653 l

593 3729 789 3795 racemo.
812 3729 860 3788 m.
876 3725 1057 3788 sarem.
1077 3726 1149 3788 nnn
1162 3726 1393 3789 conrnune
1406 3739 1462 3793 tua,
1547 3690 1548 3769 ἔ

713 3825 811 3897 irater,
825 3823 942 3907 dignius

591 3916 686 4004 Quod
694 3931 817 3977 ameture
838 3916 879 3975 ita
890 3917 997 3975 nostrae
1006 3917 1044 3976 est
1057 3918 1134 3978 omni
1147 3918 1254 3980 fautrix
1265 3918 1399 3980 familiae.
1547 3934 1548 3995 J

593 4018 646 4080 Ph.
661 4013 737 4076 Mihi
755 4013 833 4073 illam
846 4013 963 4072 laudae?
992 4013 1044 4072 Tb.
1056 4015 1146 4076 Perii!
1169 4030 1279 4097 quanto
1298 4016 1389 4076 minue
1409 4009 1463 4096 spei
1547 4034 1548 4097 j

712 4110 763 4183 cst,
777 4125 857 4174 tanto
867 4111 1049 4195 magicamo,
