3700 5259
628 835 813 890 Aeros
849 841 915 891 m.-
946 839 1129 892 scertA
1165 843 1198 891 11.
1270 839 1361 910 '169-

458 941 508 1006 Me
519 945 664 1008 miserum!
677 947 722 1008 vix
732 949 791 1012 sum
799 969 914 1028 compos
924 949 1026 1008 animi:
1042 949 1083 1008 ita
1092 951 1178 1010 ardeo
1187 951 1341 1016 immodia.

458 1037 540 1101 Nihil
555 1041 592 1100 est
607 1043 684 1120 quod
698 1042 804 1114 malim,
819 1065 905 1122 quam
919 1043 997 1102 illam
1010 1058 1103 1103 totam
1121 1045 1257 1108 familiam
1271 1051 1341 1110 mihi

510 1143 514 1151 '
580 1136 642 1196 dari
653 1137 775 1208 obviam,

446 1307 448 1310 v
460 1223 504 1292 Ut
515 1251 570 1314 ego
579 1215 730 1289 iram'hanc
738 1230 767 1288 in
776 1251 823 1290 eor
833 1245 962 1292 evomam
970 1254 1082 1292 omnem
1089 1256 1099 1304 ;
1113 1235 1181 1294 dum
1191 1239 1340 1320 aegritudo

580 1328 649 1386 haec
659 1327 698 1386 est
708 1347 812 1386 recena·

460 1423 535 1483 Satis
547 1424 616 1482 mihi
627 1423 658 1482 id
669 1421 788 1484 habeam
800 1411 940 1502 supplicii,
951 1421 1018 1486 dum
1028 1415 1091 1484 illos
1103 1426 1220 1488 ulciscar
1234 1433 1328 1490 modo.

460 1519 525 1578 Seni
539 1519 660 1578 animam
673 1519 796 1598 primurn
817 1519 1012 1600 extinguerem
1032 1520 1094 1598 ipsi,
1117 1523 1167 1599 qui
1185 1523 1257 1582 illud
1269 1537 1337 1604 pro·

578 1614 660 1674 duxit
671 1613 767 1673 scelus.
1083 1672 1085 1675 ,
1301 1619 1338 1677 16

456 1704 640 1770 'Fumantem
651 1712 754 1789 Syrum
765 1708 956 1790 impulsorem,
971 1707 1038 1776 vah,
1051 1707 1157 1785 quibus
1171 1708 1251 1769 illum
1261 1711 1336 1770 lace·

578 1827 667 1866 rarem
678 1807 783 1866 modis!

455 1901 613 1960 sublimem
626 1903 748 1964 mearum
763 1901 924 1981 arriperem,
946 1913 975 1959 ee
988 1899 1081 1979 capre
1097 1885 1220 1980 primm
1235 1902 1335 1962 mter-

571 2019 630 2056 ram
644 1997 801 2066 statuerem,

455 2089 503 2150 Ut
513 2093 626 2151 cerebro
639 2092 784 2174 dispergat
797 2089 882 2151 viam.
1212 2093 1334 2169 [darem.

452 2185 639 2246 Adolescenti
652 2187 701 2266 ipsi
713 2186 846 2266 eriperem
860 2181 974 2243 oculose
996 2183 1058 2263 post
1067 2184 1138 2244 liaeo
1150 2186 1334 2264 praecipitem
1439 2195 1442 2198 ’

451 2279 590 2340 Caeteros
604 2301 724 2351 ruerem,
739 2286 867 2362 agerem,
888 2287 1026 2358 raperem,
1046 2281 1203 2352 tunderem,
1223 2295 1253 2340 et
1266 2304 1334 2362 pro·

575 2375 730 2434 sternerent.
1202 2387 1226 2444 ᾗ
1273 2375 1329 2434 '21

452 2467 514 2528 Sed
526 2468 594 2526 cello
608 2469 704 2527 heram
718 2467 772 2526 hoc
786 2465 861 2524 malo
872 2462 1010 2543 impertiri
1024 2465 1225 2549 propereinSo.
1239 2466 1332 2525 Revo-

457 2626 460 2630 ,
576 2585 680 2624 cemus.
703 2565 797 2624 Geta!

448 2657 506 2722 Ge.
521 2657 612 2720 Hem!
636 2659 761 2738 quisquis
772 2679 817 2728 es;
838 2657 962 2739 sine-me.
983 2657 1028 2724 So,
1040 2655 1108 2738 Ego
1121 2656 1181 2716 sum
1195 2657 1331 2726 Sostrata,

577 2755 627 2812 Gr·
638 2753 698 2814 Ubi
710 2775 741 2812 ea
755 2753 810 2812 est?
822 2766 851 2811 te
862 2751 950 2830 ipsam
963 2750 1108 2828 quaeritoe

446 2843 497 2905 Te
506 2847 649 2926 exspelSlo:
664 2845 771 2926 oppido
779 2859 940 2925 opportune
950 2858 979 2904 te
989 2845 1114 2904 obtulisti
1124 2846 1193 2904 mihi
1203 2846 1330 2920 obviam,

448 2941 545 3002 Hera.
569 2941 704 3029 SoQiid
717 2942 773 3002 est?
792 2941 863 3020 quid
876 2940 1018 3020 trepidae?
1040 2943 1090 3001 Ge.
1101 2939 1161 3000 Hei
1174 2941 1258 3002 mihi!
1283 2947 1329 3004 So.

489 3095 491 3100 .
574 3035 656 3122 Qid
668 3036 789 3106 fellinas,
800 3035 838 3094 mi
850 3033 948 3094 Geta?
1290 3057 1328 3121 25

445 3130 589 3192 Animam
610 3131 712 3211 recipe.
745 3129 937 3191 Ge.Prorsue!
969 3129 1107 3216 So.Qid
1127 3129 1196 3191 istuc
1214 3133 1328 3211 prorsus

566 3227 684 3308 ergo'st.
708 3228 757 3286 Ge.
769 3225 910 3284 Perimere!

443 3321 613 3386 Aetum'st!
639 3323 682 3379 So.
696 3319 838 3397 Eloquere
852 3339 933 3399 ergo,
947 3317 1062 3380 obsecro
1071 3333 1112 3392 te,
1126 3321 1197 3400 quid
1208 3323 1251 3382 sit.
1275 3326 1325 3383 Ge.
1430 3324 1433 3332 '

476 3435 477 3438 ¹
571 3417 652 3492 Jam!
677 3417 721 3474 So.
730 3413 892 3498 Qidjam‚
905 3412 1000 3472 Geta?
1023 3425 1027 3434 ’
1082 3425 1087 3432 ’

445 3507 686 3571 Ge.Aeichinue!
721 3505 856 3592 SoQid
875 3505 899 3562 is
921 3507 1010 3586 ergo?
1041 3505 1221 3566 Ge.Alienui
1235 3506 1275 3566 est
1288 3509 1326 3569 ab

568 3602 662 3668 nostra
672 3600 788 3660 familia.
811 3601 855 3658 So.
867 3597 973 3662 Heme
991 3659 995 3665 ,

438 3695 536 3760 Perii!
560 3696 663 3774 quare?
685 3697 734 3754 Ge.
746 3695 854 3753 Amare
869 3695 980 3774 occepit
997 3694 1090 3754 aliam.
1113 3697 1157 3756 So.
1167 3697 1229 3757 Vae
1242 3697 1322 3758 mise·

566 3809 613 3848 rae
627 3789 710 3858 mibi!
1284 3812 1322 3870 29

437 3890 496 3950 Ge.
503 3884 604 3963 Neque
613 3884 642 3942 id
649 3883 758 3944 occulte
768 3883 837 3942 fert:
850 3883 887 3942 ab
897 3881 1014 3942 Lenone
1023 3883 1097 3962 ipsus
1106 3884 1207 3964 eripuit
1217 3886 1320 3965 palam.

434 3987 488 4046 So.
502 3981 593 4042 Satin’
607 3981 661 4040 hoc
681 3979 850 4040 certum²sti
872 3981 923 4040 Ge.
934 3981 1067 4044 Certum:
1088 3979 1163 4039 hisce
1180 3979 1269 4040 oculis
1290 4001 1322 4038 e·
1340 3982 1350 4003 ³
1372 4028 1374 4035 ,

454 4151 459 4160 ¹
509 4064 512 4070 ⁴
561 4091 661 4158 gomet
676 4076 745 4147 vidi,
762 4077 898 4160 Sostratae
918 4074 1040 4136 SmAh!
