3700 5259
611 807 1034 884 nubuntur-uui.
1241 829 1294 908 a„

411 934 587 1016 Athenien'fis,
600 944 731 1013 quantum
740 937 814 1016 stetis
827 939 884 1013 effet
897 938 938 996 ad
947 935 1024 997 illam
1036 923 1153 999 aiterum
1166 961 1221 1003 una
1233 953 1294 1005 curet

404 1034 467 1113 filia
479 1033 668 1092 ›nutriendeene
688 1033 780 1090 deinde
792 1031 916 1092 Athenas
930 1034 1062 1114 reuersus,
1081 1047 1134 1094 aut
1145 1039 1292 1102 calamita·

411 1126 473 1199 hem,
487 1139 538 1187 aut
548 1128 693 1198 viditatem,
707 1138 758 1186 aut
767 1127 823 1186 tale
833 1127 939 1201 aliquid
945 1130 1124 1205 cazeffiehntur.
1145 1133 1224 1194 Erat
1234 1137 1294 1196 De·

412 1221 527 1302 ne'phoni
538 1224 616 1301 filius
630 1224 758 1302 Antipho}
780 1223 875 1300 Qum
893 1225 982 1319 igitur
996 1223 1135 1284 Phanium
1149 1231 1296 1307 quindecim

402 1315 470 1394 jem
478 1320 586 1378 haberet
595 1329 689 1388 annes,
703 1321 860 1390 conueniunt
870 1320 943 1375 inter
944 1317 977 1397 se
987 1317 1108 1378 Chremes
1117 1330 1145 1379 et
1155 1321 1295 1402 Demipho,

411 1411 443 1478 ut
459 1415 581 1475 Chremes
592 1415 696 1489 quidem
705 1423 732 1471 et
745 1409 883 1490 lentulum
892 1425 1008 1478 uxorem,
1022 1422 1049 1468 et
1058 1414 1196 1474 Phanium
1204 1417 1292 1476 Athe·¹

411 1525 462 1570 nas
475 1509 625 1570 clanculam
638 1509 780 1568 adduceret
784 1531 799 1577 ,¹
821 1506 1024 1596 Dennpho'vero
1038 1502 1177 1567 Phanium
1184 1512 1298 1594 fihiofiso

411 1610 519 1662 uxorem
527 1603 615 1662 daret.
633 1602 706 1678 Ejus
718 1605 758 1661 rei
767 1601 847 1682 caiefie
853 1599 1202 1680 proficisciturinhenenum
1212 1606 1295 1664 Chre·

411 1719 476 1780 rues.
507 1697 608 1759 Eodem
621 1693 734 1778 ternpore
744 1699 852 1767 accidit,
866 1707 897 1754 nt
909 1696 1068 1775 Demiphoni
1080 1713 1177 1777 quoque
1189 1706 1243 1760 iter
1255 1702 1294 1783 ιβ

403 1783 449 1875 fit
460 1797 492 1852 in
503 1793 638 1853 Ciliciam.
654 1793 795 1853 Abeuntes
805 1795 889 1861 urnho,
903 1792 990 1849 Getae
1002 1793 1046 1870 (ie
1061 1793 1296 1876 Demiphontssera

293 1955 299 1967 ,
411 1886 558 1961 truserat)
569 1883 642 1966 filios
655 1883 823 1947 committunt
832 1883 904 1967 suos.
934 1887 1189 1968 Profetiissenihue,
1204 1891 1297 1947 Phae·

410 1983 476 2042 dria
481 1985 513 2064 se
520 1975 622 2060 statim
637 1981 827 2058 Cithart'strha'e
839 1977 977 2061 cujusdam
989 1991 1079 2038 umore
1090 1985 1220 2062 implicat.
1243 1983 1300 2045 S'ed

409 2073 458 2138 hoc
468 2091 531 2138 erat
543 2079 706 2150 incommodi
720 2077 795 2155 quod,
812 2077 859 2151 qui
872 2097 891 2132 a
903 2073 993 2132 lenone
1004 2079 1111 2145 erueret,
1125 2079 1194 2151 quod
1204 2081 1297 2141 dursti

409 2173 484 2234 nihil
488 2173 609 2234 hahebat.
629 2171 740 2254 Interea
751 2169 817 2232 uxor‘
826 2183 841 2228 ι
850 2167 957 2240 hernus,
967 2173 1048 2256 quae,
1057 2183 1169 2251 propter
1176 2188 1296 2253 pauper·

409 2259 508 2336 tutem,
522 2264 579 2326 uiri
591 2263 996 2346 diediusfhrtesqunmsul'ehat,
1009 2270 1142 2326 rurensis
1151 2269 1298 2326 adveniunt
1399 2345 1403 2352 Ι

409 2357 559 2440 exspedare
567 2359 712 2439 nonpoffet,
726 2353 856 2442 constenfiu
870 2361 947 2428 navi,
962 2359 1086 2418 Athenas
1099 2364 1154 2419 una'
1167 2363 1299 2444 cuniflid

409 2459 440 2514 e't
453 2458 559 2514 nutrice
567 2449 645 2535 effus
656 2451 747 2515 uenit:
761 2462 895 2532 quaerunt
905 2453 1187 2534 Stilphhnemfrustra.
1209 2457 1296 2516 Athe³

409 2553 467 2619 nis,
481 2554 527 2625 qui
541 2559 697 2627 quemquam
709 2556 738 2609 e'o
747 2553 849 2608 nurnine
858 2551 944 2630 ruffet,
959 2553 1143 2629 reperiebatur
1150 2574 1232 2612 neme.
1254 2553 1301 2614 Ihi

409 2647 503 2704 mater
517 2651 618 2726 (tanta
631 2647 691 2704 enne
711 2647 850 2728 tegritudo
864 2645 991 2727 ceperat)
1003 2650 1127 2707 moritur.
1155 2647 1198 2708 Et
1207 2652 1298 2728 fiunt

409 2761 470 2800 una
490 2761 550 2798 cunt
562 2743 667 2798 nutrice
681 2740 872 2819 procurantem
893 2740 1031 2799 Phanium
1050 2753 1132 2815 quum
1148 2744 1300 2825 adspessset

410 2834 543 2912 Antipho,
549 2831 640 2914 fiuhhto
647 2856 736 2892 ansere
745 2834 818 2893 illius
828 2833 936 2912 exarstt.
961 2835 1043 2892 Venit
1052 2834 1092 2890 a‘d
1098 2837 1231 2891 nutricem
1236 2827 1295 2917 ριβ

409 2930 506 2998 tridie,
520 2938 551 2986 ut
561 2927 617 3002 ejus
619 2927 676 3006 sthi
686 2931 787 3006 copiam
791 2927 911 3005 ficeret,
921 2926 1073 3007 obsecrante
1086 2925 1179 3007 illase,
1191 2926 1297 3004 nsspu-

409 3025 493 3085 ellam
503 3045 608 3084 uxorem
620 3025 736 3091 duceret,
742 3021 887 3098 finiturum
899 3029 992 3098 negat.
1013 3018 1071 3088 Illi,
1086 3038 1167 3096 quum
1178 3032 1206 3080 et
1218 3025 1296 3098 quid.

411 3125 455 3180 uis
460 3121 558 3197 fluere
570 3123 684 3195 cuperet,
698 3126 725 3174 et
733 3126 843 3193 patrem
855 3114 985 3196 absentem
997 3125 1147 3186 vereretur,
1156 3116 1296 3196 parasttns

412 3213 541 3275 Phormio
553 3212 598 3270 hoc
615 3199 745 3290 corfiliurn
762 3205 843 3270 dedit.
871 3211 931 3270 Lex
949 3221 1012 3269 erat
1030 3210 1155 3282 Athenis,
1176 3235 1207 3272 ue
1219 3214 1297 3274 orhas

406 3297 525 3390 pudieus,
539 3312 630 3384 quitis
642 3327 740 3389 genere
748 3299 867 3386 proximi
878 3301 965 3384 effint,
979 3307 1082 3377 ducere,
1097 3306 1195 3385 unt‚·fi
1202 3309 1234 3365 id
1240 3307 1296 3368 nol·

411 3407 480 3475 ient,
494 3406 579 3464 dotem
591 3406 629 3462 eis
643 3404 710 3461 dare
723 3411 887 3484 cogerentur.
921 3392 992 3479 Ego,
1006 3404 1095 3475 inquit
1102 3397 1297 3482 parefitus,st-

411 3501 528 3569 mulaho,
540 3520 580 3556 me
583 3501 665 3576 patri
677 3501 794 3578 uirginis
803 3500 918 3554 amicum
920 3495 1011 3572 fusffl,
1025 3496 1130 3571 ideoque
1139 3498 1253 3574 caufflem
1261 3496 1297 3556 ii·

411 3593 619 3674 Iiusfiesciperes
633 3593 727 3651 vocabo
737 3601 764 3650 te
771 3595 801 3649 in
804 3585 952 3665 judicium,
965 3600 1106 3663 tamquam
1116 3591 1190 3651 illius
1199 3613 1297 3673 cogna-

412 3701 484 3758 tum,
495 3698 629 3763 tecumque
635 3687 690 3767 hege
700 3701 793 3766 agam,
805 3695 836 3744 ut
845 3702 905 3742 enm
911 3685 1002 3742 ducas·
1026 3678 1071 3742 Tu
1081 3687 1124 3742 ita
1133 3695 1160 3742 te
1167 3687 1298 3763 defendes,

411 3793 447 3842 ut
457 3780 522 3839 mihi
525 3779 639 3857 facilem
651 3779 791 3838 vitiorium
800 3778 951 3856 praebease
964 3779 1007 3834 ita
1019 3777 1229 3836 cendemnahere.
1250 3781 1299 3839 Sic

403 3879 470 3956 fiet,
485 3887 517 3936 ut
526 3887 553 3936 et
562 3887 593 3936 tu
599 3877 716 3953 potiaris
727 3886 787 3944 tua,
801 3881 917 3950 etpatre
927 3871 1036 3954 reuerso,
1046 3884 1180 3950 paratam
1189 3878 1297 3955 excuſse·

412 3976 513 4030 tionem
521 3968 626 4029 hahens.
647 3969 697 4029 Ita
699 3974 776 4049 fiunt
783 3971 883 4037 omnia,
895 3978 925 4026 ut
929 3966 1069 4045 parasttus
1068 3964 1203 4051 stenserat.
1227 3970 1296 4029 con·

403 4067 491 4142 settis
496 4064 562 4140 jam
574 4069 686 4142 nuptiis,
706 4067 791 4126 eodem
808 4065 851 4124 die
866 4064 942 4124 amhn
959 4067 1069 4125 redeunt
1076 4067 1172 4148 senes:
1189 4067 1299 4128 turhari
