<?xml version="1.0" encoding="UTF-8"?>
<!DOCTYPE html PUBLIC "-//W3C//DTD XHTML 1.0 Transitional//EN"
    "http://www.w3.org/TR/xhtml1/DTD/xhtml1-transitional.dtd">
<html xmlns="http://www.w3.org/1999/xhtml" xml:lang="en" lang="en">
 <head>
  <title>
</title>
<meta http-equiv="Content-Type" content="text/html;charset=utf-8" />
  <meta name='ocr-system' content='tesseract 3.04.00' />
  <meta name='ocr-capabilities' content='ocr_page ocr_carea ocr_par ocr_line ocrx_word'/>
</head>
<body>
  <div class='ocr_page' id='page_1' title='image "./publiiterentiia02teregoog/publiiterentiia02teregoog_0225.png"; bbox 0 0 3700 5259; ppageno 0'>
   <div class='ocr_carea' id='block_1_1' title="bbox 613 814 1331 879">
    <p class='ocr_par' dir='ltr' id='par_1_1' title="bbox 613 814 1331 879">
     <span class='ocr_line' id='line_1_1' title="bbox 613 814 1331 879; baseline 0.01 -17"><span class='ocrx_word' id='word_1_1' title='bbox 613 814 1170 868; x_wconf 78' lang='lat' dir='ltr'>AcTUs111.scENA1v.</span> <span class='ocrx_word' id='word_1_2' title='bbox 1282 828 1331 879; x_wconf 72' lang='lat'>217</span> 
     </span>
    </p>
   </div>
   <div class='ocr_carea' id='block_1_2' title="bbox 444 913 1328 1072">
    <p class='ocr_par' dir='ltr' id='par_1_2' title="bbox 444 913 1328 1072">
     <span class='ocr_line' id='line_1_2' title="bbox 444 913 1328 1072; baseline 0.006 -94"><span class='ocrx_word' id='word_1_3' title='bbox 444 913 597 1072; x_wconf 64' lang='lat' dir='ltr'>Pollicitqs</span> <span class='ocrx_word' id='word_1_4' title='bbox 608 917 684 980; x_wconf 81' lang='lat' dir='ltr'>sum:</span> <span class='ocrx_word' id='word_1_5' title='bbox 707 934 736 980; x_wconf 88' lang='lat' dir='ltr'>et</span> <span class='ocrx_word' id='word_1_6' title='bbox 744 921 852 984; x_wconf 79' lang='lat' dir='ltr'>serrare</span> <span class='ocrx_word' id='word_1_7' title='bbox 862 924 891 982; x_wconf 88' lang='lat' dir='ltr'>in</span> <span class='ocrx_word' id='word_1_8' title='bbox 903 945 939 984; x_wconf 88' lang='lat' dir='ltr'>eo</span> <span class='ocrx_word' id='word_1_9' title='bbox 947 940 1056 987; x_wconf 86' lang='lat' dir='ltr'>certum</span> <span class='ocrx_word' id='word_1_10' title='bbox 1067 925 1110 997; x_wconf 87' lang='lat' dir='ltr'>’st,</span> <span class='ocrx_word' id='word_1_11' title='bbox 1124 925 1203 1006; x_wconf 92' lang='lat' dir='ltr'>quod</span> <span class='ocrx_word' id='word_1_12' title='bbox 1212 923 1283 996; x_wconf 78' lang='lat' dir='ltr'>dini,</span> <span class='ocrx_word' id='word_1_13' title='bbox 1293 925 1328 984; x_wconf 84' lang='lat' dir='ltr'>fi.</span> 
     </span>
     <span class='ocr_line' id='line_1_3' title="bbox 592 1034 646 1072; baseline 0.037 -2"><span class='ocrx_word' id='word_1_14' title='bbox 592 1034 646 1072; x_wconf 73' lang='lat' dir='ltr'>em.</span> 
     </span>
    </p>
   </div>
   <div class='ocr_carea' id='block_1_3' title="bbox 443 1103 1326 1452">
    <p class='ocr_par' dir='ltr' id='par_1_3' title="bbox 443 1103 1326 1262">
     <span class='ocr_line' id='line_1_4' title="bbox 443 1103 1326 1196; baseline 0.009 -32"><span class='ocrx_word' id='word_1_15' title='bbox 443 1103 521 1165; x_wconf 86' lang='lat' dir='ltr'>Nam</span> <span class='ocrx_word' id='word_1_16' title='bbox 535 1106 570 1165; x_wconf 91' lang='lat' dir='ltr'>de</span> <span class='ocrx_word' id='word_1_17' title='bbox 584 1109 752 1181; x_wconf 82' lang='lat' dir='ltr'>reducenda,</span> <span class='ocrx_word' id='word_1_18' title='bbox 767 1109 798 1170; x_wconf 91' lang='lat' dir='ltr'>id</span> <span class='ocrx_word' id='word_1_19' title='bbox 811 1133 877 1172; x_wconf 85' lang='lat' dir='ltr'>vero</span> <span class='ocrx_word' id='word_1_20' title='bbox 888 1114 1052 1196; x_wconf 83' lang='lat' dir='ltr'>neutiquam</span> <span class='ocrx_word' id='word_1_21' title='bbox 1062 1114 1207 1176; x_wconf 89' lang='lat' dir='ltr'>honestum</span> <span class='ocrx_word' id='word_1_22' title='bbox 1218 1113 1268 1174; x_wconf 85' lang='lat' dir='ltr'>effe</span> <span class='ocrx_word' id='word_1_23' title='bbox 1281 1133 1326 1172; x_wconf 84' lang='lat' dir='ltr'>ar·</span> 
     </span>
     <span class='ocr_line' id='line_1_5' title="bbox 469 1200 675 1262; baseline 0.019 -4"><span class='ocrx_word' id='word_1_24' title='bbox 469 1235 473 1242; x_wconf 88' lang='lat'>-</span> <span class='ocrx_word' id='word_1_25' title='bbox 568 1200 675 1262; x_wconf 76' lang='lat' dir='ltr'>bitrorr</span> 
     </span>
    </p>

    <p class='ocr_par' dir='ltr' id='par_1_4' title="bbox 443 1293 1326 1452">
     <span class='ocr_line' id='line_1_6' title="bbox 443 1293 1326 1385; baseline 0.006 -31"><span class='ocrx_word' id='word_1_26' title='bbox 443 1294 508 1354; x_wconf 88' lang='lat' dir='ltr'>Nec</span> <span class='ocrx_word' id='word_1_27' title='bbox 523 1293 643 1356; x_wconf 82' lang='lat' dir='ltr'>faciam:</span> <span class='ocrx_word' id='word_1_28' title='bbox 664 1299 713 1358; x_wconf 81' lang='lat' dir='ltr'>etsi</span> <span class='ocrx_word' id='word_1_29' title='bbox 727 1316 806 1358; x_wconf 82' lang='lat' dir='ltr'>amor</span> <span class='ocrx_word' id='word_1_30' title='bbox 819 1323 864 1361; x_wconf 88' lang='lat' dir='ltr'>me</span> <span class='ocrx_word' id='word_1_31' title='bbox 876 1304 1012 1385; x_wconf 83' lang='lat' dir='ltr'>graviter,</span> <span class='ocrx_word' id='word_1_32' title='bbox 1027 1304 1254 1382; x_wconf 85' lang='lat' dir='ltr'>consuetudoque</span> <span class='ocrx_word' id='word_1_33' title='bbox 1268 1303 1326 1380; x_wconf 72' lang='lat' dir='ltr'>eju·</span> 
     </span>
     <span class='ocr_line' id='line_1_7' title="bbox 479 1407 654 1452; baseline 0.017 -3"><span class='ocrx_word' id='word_1_34' title='bbox 479 1407 483 1415; x_wconf 76' lang='lat'><em>¹</em></span> <span class='ocrx_word' id='word_1_35' title='bbox 568 1407 654 1452; x_wconf 89' lang='lat' dir='ltr'>tenet.</span> 
     </span>
    </p>
   </div>
   <div class='ocr_carea' id='block_1_4' title="bbox 440 1487 1326 2233">
    <p class='ocr_par' dir='ltr' id='par_1_5' title="bbox 443 1487 1326 1666">
     <span class='ocr_line' id='line_1_8' title="bbox 443 1487 1326 1572; baseline -0.001 -24"><span class='ocrx_word' id='word_1_36' title='bbox 443 1487 600 1560; x_wconf 81' lang='lat' dir='ltr'>Lacrumo,</span> <span class='ocrx_word' id='word_1_37' title='bbox 614 1507 687 1568; x_wconf 86' lang='lat' dir='ltr'>quae</span> <span class='ocrx_word' id='word_1_38' title='bbox 696 1491 811 1571; x_wconf 87' lang='lat' dir='ltr'>posthac</span> <span class='ocrx_word' id='word_1_39' title='bbox 827 1493 963 1554; x_wconf 85' lang='lat' dir='ltr'>futura&#39;st</span> <span class='ocrx_word' id='word_1_40' title='bbox 977 1494 1046 1565; x_wconf 82' lang='lat' dir='ltr'>vita,</span> <span class='ocrx_word' id='word_1_41' title='bbox 1060 1514 1148 1572; x_wconf 89' lang='lat' dir='ltr'>quum</span> <span class='ocrx_word' id='word_1_42' title='bbox 1161 1491 1190 1550; x_wconf 91' lang='lat' dir='ltr'>in</span> <span class='ocrx_word' id='word_1_43' title='bbox 1203 1503 1326 1550; x_wconf 82' lang='lat' dir='ltr'><strong>mentem</strong></span> 
     </span>
     <span class='ocr_line' id='line_1_9' title="bbox 567 1586 1324 1666; baseline 0.004 -22"><span class='ocrx_word' id='word_1_44' title='bbox 567 1586 653 1658; x_wconf 88' lang='lat' dir='ltr'>venit,</span> <span class='ocrx_word' id='word_1_45' title='bbox 740 1633 743 1638; x_wconf 85' lang='lat'>.</span> <span class='ocrx_word' id='word_1_46' title='bbox 821 1643 823 1650; x_wconf 15' lang='grc' dir='ltr'><em>Α</em></span> <span class='ocrx_word' id='word_1_47' title='bbox 1283 1605 1324 1666; x_wconf 80' lang='lat'>45</span> 
     </span>
    </p>

    <p class='ocr_par' dir='ltr' id='par_1_6' title="bbox 442 1679 1321 1766">
     <span class='ocr_line' id='line_1_10' title="bbox 442 1679 1321 1766; baseline -0.001 -26"><span class='ocrx_word' id='word_1_48' title='bbox 442 1679 641 1759; x_wconf 80' lang='lat' dir='ltr'>solitudoque.</span> <span class='ocrx_word' id='word_1_49' title='bbox 664 1683 827 1756; x_wconf 86' lang='lat' dir='ltr'>Ofortunn‚</span> <span class='ocrx_word' id='word_1_50' title='bbox 837 1699 869 1746; x_wconf 91' lang='lat' dir='ltr'>ut</span> <span class='ocrx_word' id='word_1_51' title='bbox 878 1707 1033 1766; x_wconf 84' lang='lat' dir='ltr'>numquam</span> <span class='ocrx_word' id='word_1_52' title='bbox 1040 1697 1178 1766; x_wconf 86' lang='lat' dir='ltr'>perpetuo</span> <span class='ocrx_word' id='word_1_53' title='bbox 1188 1704 1217 1743; x_wconf 79' lang='lat' dir='ltr'>en</span> <span class='ocrx_word' id='word_1_54' title='bbox 1231 1682 1321 1740; x_wconf 83' lang='lat' dir='ltr'>bona!</span> 
     </span>
    </p>

    <p class='ocr_par' dir='ltr' id='par_1_7' title="bbox 444 1775 1323 1854">
     <span class='ocr_line' id='line_1_11' title="bbox 444 1775 1323 1854; baseline -0.002 -18"><span class='ocrx_word' id='word_1_55' title='bbox 444 1777 503 1836; x_wconf 88' lang='lat' dir='ltr'>Sed</span> <span class='ocrx_word' id='word_1_56' title='bbox 506 1777 566 1854; x_wconf 85' lang='lat' dir='ltr'>jam</span> <span class='ocrx_word' id='word_1_57' title='bbox 576 1775 654 1853; x_wconf 86' lang='lat' dir='ltr'>prior</span> <span class='ocrx_word' id='word_1_58' title='bbox 664 1798 743 1836; x_wconf 85' lang='lat' dir='ltr'>amor</span> <span class='ocrx_word' id='word_1_59' title='bbox 751 1801 794 1838; x_wconf 87' lang='lat' dir='ltr'>me</span> <span class='ocrx_word' id='word_1_60' title='bbox 805 1782 920 1846; x_wconf 71' lang='lat' dir='ltr'>adhunc</span> <span class='ocrx_word' id='word_1_61' title='bbox 931 1805 990 1841; x_wconf 89' lang='lat' dir='ltr'>rem</span> <span class='ocrx_word' id='word_1_62' title='bbox 1000 1782 1184 1842; x_wconf 85' lang='lat' dir='ltr'>exercitatum</span> <span class='ocrx_word' id='word_1_63' title='bbox 1191 1777 1323 1838; x_wconf 84' lang='lat' dir='ltr'><strong>reddidit.</strong></span> 
     </span>
    </p>

    <p class='ocr_par' dir='ltr' id='par_1_8' title="bbox 441 1871 1322 2044">
     <span class='ocr_line' id='line_1_12' title="bbox 441 1871 1322 1956; baseline -0.001 -28"><span class='ocrx_word' id='word_1_64' title='bbox 441 1871 539 1956; x_wconf 67' lang='lat' dir='ltr'>Qem</span> <span class='ocrx_word' id='word_1_65' title='bbox 553 1890 608 1951; x_wconf 90' lang='lat' dir='ltr'>ego</span> <span class='ocrx_word' id='word_1_66' title='bbox 624 1883 686 1930; x_wconf 87' lang='lat' dir='ltr'>tum</span> <span class='ocrx_word' id='word_1_67' title='bbox 699 1873 812 1932; x_wconf 78' lang='lat' dir='ltr'>consilio</span> <span class='ocrx_word' id='word_1_68' title='bbox 825 1877 933 1936; x_wconf 73' lang='lat' dir='ltr'>missum</span> <span class='ocrx_word' id='word_1_69' title='bbox 943 1877 1013 1937; x_wconf 82' lang='lat' dir='ltr'>feci:</span> <span class='ocrx_word' id='word_1_70' title='bbox 1033 1877 1108 1936; x_wconf 87' lang='lat' dir='ltr'>idem</span> <span class='ocrx_word' id='word_1_71' title='bbox 1124 1894 1197 1934; x_wconf 87' lang='lat' dir='ltr'>nunc</span> <span class='ocrx_word' id='word_1_72' title='bbox 1210 1871 1277 1932; x_wconf 88' lang='lat' dir='ltr'>huic</span> <span class='ocrx_word' id='word_1_73' title='bbox 1290 1891 1322 1927; x_wconf 91' lang='lat' dir='ltr'>o·</span> 
     </span>
     <span class='ocr_line' id='line_1_13' title="bbox 565 1968 759 2044; baseline 0.021 -21"><span class='ocrx_word' id='word_1_74' title='bbox 565 1989 662 2044; x_wconf 86' lang='lat' dir='ltr'>peram</span> <span class='ocrx_word' id='word_1_75' title='bbox 676 1968 759 2027; x_wconf 86' lang='lat' dir='ltr'><strong>dabo.</strong></span> 
     </span>
    </p>

    <p class='ocr_par' dir='ltr' id='par_1_9' title="bbox 440 2059 1231 2143">
     <span class='ocr_line' id='line_1_14' title="bbox 440 2059 1231 2143; baseline 0.003 -25"><span class='ocrx_word' id='word_1_76' title='bbox 440 2059 534 2118; x_wconf 87' lang='lat' dir='ltr'>Adest</span> <span class='ocrx_word' id='word_1_77' title='bbox 549 2061 758 2134; x_wconf 83' lang='lat' dir='ltr'>Parmenocum</span> <span class='ocrx_word' id='word_1_78' title='bbox 771 2066 880 2142; x_wconf 66' lang='lat' dir='ltr'>pueris:</span> <span class='ocrx_word' id='word_1_79' title='bbox 903 2067 978 2138; x_wconf 87' lang='lat' dir='ltr'>hunc</span> <span class='ocrx_word' id='word_1_80' title='bbox 992 2064 1106 2125; x_wconf 84' lang='lat' dir='ltr'>minime</span> <span class='ocrx_word' id='word_1_81' title='bbox 1113 2063 1146 2123; x_wconf 86' lang='lat' dir='ltr'>&#39;st</span> <span class='ocrx_word' id='word_1_82' title='bbox 1159 2081 1231 2143; x_wconf 76' lang='lat' dir='ltr'>opus</span> 
     </span>
    </p>

    <p class='ocr_par' dir='ltr' id='par_1_10' title="bbox 443 2155 1322 2233">
     <span class='ocr_line' id='line_1_15' title="bbox 443 2155 1322 2233; baseline 0.008 -21"><span class='ocrx_word' id='word_1_83' title='bbox 443 2155 480 2212; x_wconf 89' lang='lat' dir='ltr'>In</span> <span class='ocrx_word' id='word_1_84' title='bbox 491 2155 544 2212; x_wconf 83' lang='lat' dir='ltr'>hac</span> <span class='ocrx_word' id='word_1_85' title='bbox 559 2177 587 2212; x_wconf 87' lang='lat' dir='ltr'>re</span> <span class='ocrx_word' id='word_1_86' title='bbox 602 2156 697 2214; x_wconf 72' lang='lat' dir='ltr'>adesse.</span> <span class='ocrx_word' id='word_1_87' title='bbox 720 2179 783 2218; x_wconf 82' lang='lat' dir='ltr'>nam</span> <span class='ocrx_word' id='word_1_88' title='bbox 793 2157 860 2216; x_wconf 90' lang='lat' dir='ltr'>olim</span> <span class='ocrx_word' id='word_1_89' title='bbox 875 2159 925 2218; x_wconf 84' lang='lat' dir='ltr'>soli</span> <span class='ocrx_word' id='word_1_90' title='bbox 936 2160 1053 2230; x_wconf 89' lang='lat' dir='ltr'>credidi,</span> <span class='ocrx_word' id='word_1_91' title='bbox 1283 2173 1322 2233; x_wconf 84' lang='lat'>50</span> 
     </span>
    </p>
   </div>
   <div class='ocr_carea' id='block_1_5' title="bbox 438 2247 1129 2615">
    <p class='ocr_par' dir='ltr' id='par_1_11' title="bbox 438 2247 1129 2615">
     <span class='ocr_line' id='line_1_16' title="bbox 439 2247 1129 2330; baseline 0.007 -25"><span class='ocrx_word' id='word_1_92' title='bbox 439 2247 488 2320; x_wconf 76' lang='lat' dir='ltr'>Ea</span> <span class='ocrx_word' id='word_1_93' title='bbox 499 2269 542 2306; x_wconf 88' lang='lat' dir='ltr'>me</span> <span class='ocrx_word' id='word_1_94' title='bbox 556 2249 710 2310; x_wconf 78' lang='lat' dir='ltr'>abstinuisse</span> <span class='ocrx_word' id='word_1_95' title='bbox 721 2250 749 2307; x_wconf 90' lang='lat' dir='ltr'>in</span> <span class='ocrx_word' id='word_1_96' title='bbox 764 2250 912 2330; x_wconf 86' lang='lat' dir='ltr'>principio,</span> <span class='ocrx_word' id='word_1_97' title='bbox 928 2275 991 2312; x_wconf 90' lang='lat' dir='ltr'>cum</span> <span class='ocrx_word' id='word_1_98' title='bbox 1000 2255 1067 2313; x_wconf 73' lang='lat' dir='ltr'>duta</span> <span class='ocrx_word' id='word_1_99' title='bbox 1081 2253 1129 2312; x_wconf 86' lang='lat' dir='ltr'>est.</span> 
     </span>
     <span class='ocr_line' id='line_1_17' title="bbox 438 2343 1111 2422; baseline 0.006 -22"><span class='ocrx_word' id='word_1_100' title='bbox 438 2343 560 2413; x_wconf 86' lang='lat' dir='ltr'>Vereor,</span> <span class='ocrx_word' id='word_1_101' title='bbox 571 2344 590 2400; x_wconf 87' lang='lat' dir='ltr'><strong>fi</strong></span> <span class='ocrx_word' id='word_1_102' title='bbox 600 2343 750 2402; x_wconf 85' lang='lat' dir='ltr'>clamorem</span> <span class='ocrx_word' id='word_1_103' title='bbox 761 2347 819 2422; x_wconf 85' lang='lat' dir='ltr'>ejus</span> <span class='ocrx_word' id='word_1_104' title='bbox 831 2345 876 2404; x_wconf 91' lang='lat' dir='ltr'>hic</span> <span class='ocrx_word' id='word_1_105' title='bbox 890 2349 990 2406; x_wconf 87' lang='lat' dir='ltr'>crebro</span> <span class='ocrx_word' id='word_1_106' title='bbox 1003 2346 1111 2414; x_wconf 80' lang='lat' dir='ltr'>audiat,</span> 
     </span>
     <span class='ocr_line' id='line_1_18' title="bbox 438 2437 1052 2520; baseline 0.003 -24"><span class='ocrx_word' id='word_1_107' title='bbox 438 2437 491 2496; x_wconf 85' lang='lat' dir='ltr'>Ne.</span> <span class='ocrx_word' id='word_1_108' title='bbox 499 2438 638 2516; x_wconf 85' lang='lat' dir='ltr'>parturire</span> <span class='ocrx_word' id='word_1_109' title='bbox 649 2437 800 2520; x_wconf 86' lang='lat' dir='ltr'>intelligat.</span> <span class='ocrx_word' id='word_1_110' title='bbox 822 2439 918 2518; x_wconf 82' lang='lat' dir='ltr'>aliquo</span> <span class='ocrx_word' id='word_1_111' title='bbox 933 2439 1052 2501; x_wconf 81' lang='lat' dir='ltr'>mihiest</span> 
     </span>
     <span class='ocr_line' id='line_1_19' title="bbox 439 2531 1096 2615; baseline 0.002 -24"><span class='ocrx_word' id='word_1_112' title='bbox 439 2531 522 2592; x_wconf 89' lang='lat' dir='ltr'>Hinc</span> <span class='ocrx_word' id='word_1_113' title='bbox 536 2533 721 2615; x_wconf 76' lang='lat' dir='ltr'>ablegandus,</span> <span class='ocrx_word' id='word_1_114' title='bbox 735 2533 802 2590; x_wconf 83' lang='lat' dir='ltr'>dum</span> <span class='ocrx_word' id='word_1_115' title='bbox 813 2534 889 2612; x_wconf 81' lang='lat' dir='ltr'>parit</span> <span class='ocrx_word' id='word_1_116' title='bbox 900 2535 1075 2594; x_wconf 85' lang='lat' dir='ltr'>Philumena.</span> <span class='ocrx_word' id='word_1_117' title='bbox 1093 2600 1096 2607; x_wconf 45' lang='grc'>,</span> 
     </span>
    </p>
   </div>
   <div class='ocr_carea' id='block_1_6' title="bbox 569 2685 1187 2760">
    <p class='ocr_par' dir='ltr' id='par_1_12' title="bbox 569 2685 1187 2760">
     <span class='ocr_line' id='line_1_20' title="bbox 569 2685 1187 2760; baseline -0.016 0"><span class='ocrx_word' id='word_1_118' title='bbox 569 2685 767 2760; x_wconf 78' lang='lat' dir='ltr'>A‘CTUS</span> <span class='ocrx_word' id='word_1_119' title='bbox 800 2691 862 2754; x_wconf 86' lang='grc' dir='ltr'><strong>ΙΙΙ.</strong></span> <span class='ocrx_word' id='word_1_120' title='bbox 906 2693 1098 2757; x_wconf 85' lang='lat' dir='ltr'><strong>SCENA</strong></span> <span class='ocrx_word' id='word_1_121' title='bbox 1133 2690 1187 2752; x_wconf 89' lang='lat' dir='ltr'>IV.</span> 
     </span>
    </p>
   </div>
   <div class='ocr_carea' id='block_1_7' title="bbox 475 2803 1232 2867">
    <p class='ocr_par' dir='ltr' id='par_1_13' title="bbox 475 2803 1232 2867">
     <span class='ocr_line' id='line_1_21' title="bbox 475 2803 1232 2867; baseline -0.015 0"><span class='ocrx_word' id='word_1_122' title='bbox 475 2803 476 2807; x_wconf 74' lang='grc'>’</span> <span class='ocrx_word' id='word_1_123' title='bbox 523 2817 750 2867; x_wconf 70' lang='lat' dir='ltr'>Pnnnrnuo</span> <span class='ocrx_word' id='word_1_124' title='bbox 784 2817 924 2866; x_wconf 81' lang='lat' dir='ltr'>sos1A.</span> <span class='ocrx_word' id='word_1_125' title='bbox 959 2810 1232 2864; x_wconf 75' lang='lat' dir='ltr'>enueurnus.</span> 
     </span>
    </p>
   </div>
   <div class='ocr_carea' id='block_1_8' title="bbox 423 2928 1333 4029">
    <p class='ocr_par' dir='ltr' id='par_1_14' title="bbox 781 2928 971 2970">
     <span class='ocr_line' id='line_1_22' title="bbox 781 2928 971 2970; baseline -0.005 -4"><span class='ocrx_word' id='word_1_126' title='bbox 781 2928 879 2970; x_wconf 68' lang='lat' dir='ltr'>reru</span> <span class='ocrx_word' id='word_1_127' title='bbox 890 2928 931 2966; x_wconf 77' lang='lat' dir='ltr'>nn</span> <span class='ocrx_word' id='word_1_128' title='bbox 942 2928 971 2966; x_wconf 89' lang='lat' dir='ltr'>o.</span> 
     </span>
    </p>

    <p class='ocr_par' dir='ltr' id='par_1_15' title="bbox 423 2997 1333 3926">
     <span class='ocr_line' id='line_1_23' title="bbox 432 2997 1154 3077; baseline -0.018 -9"><span class='ocrx_word' id='word_1_129' title='bbox 432 3005 528 3068; x_wconf 88' lang='lat' dir='ltr'>AIN&#39;</span> <span class='ocrx_word' id='word_1_130' title='bbox 542 3019 585 3077; x_wconf 83' lang='lat' dir='ltr'>tu,</span> <span class='ocrx_word' id='word_1_131' title='bbox 599 3005 654 3065; x_wconf 83' lang='lat' dir='ltr'>tibi</span> <span class='ocrx_word' id='word_1_132' title='bbox 667 3001 722 3064; x_wconf 88' lang='lat' dir='ltr'>hoc</span> <span class='ocrx_word' id='word_1_133' title='bbox 735 3003 944 3062; x_wconf 88' lang='lat' dir='ltr'>incommodum</span> <span class='ocrx_word' id='word_1_134' title='bbox 957 2997 1069 3060; x_wconf 85' lang='lat' dir='ltr'>eveniffe</span> <span class='ocrx_word' id='word_1_135' title='bbox 1084 2998 1154 3056; x_wconf 84' lang='lat' dir='ltr'>iter?</span> 
     </span>
     <span class='ocr_line' id='line_1_24' title="bbox 434 3092 1114 3172; baseline -0.018 -8"><span class='ocrx_word' id='word_1_136' title='bbox 434 3107 482 3164; x_wconf 83' lang='lat' dir='ltr'>So.</span> <span class='ocrx_word' id='word_1_137' title='bbox 492 3103 558 3161; x_wconf 91' lang='lat' dir='ltr'>Non</span> <span class='ocrx_word' id='word_1_138' title='bbox 572 3099 664 3160; x_wconf 86' lang='lat' dir='ltr'>hercle</span> <span class='ocrx_word' id='word_1_139' title='bbox 680 3097 780 3168; x_wconf 84' lang='lat' dir='ltr'>verbis,</span> <span class='ocrx_word' id='word_1_140' title='bbox 795 3098 944 3163; x_wconf 84' lang='lat' dir='ltr'>Parmeno,</span> <span class='ocrx_word' id='word_1_141' title='bbox 954 3093 1009 3153; x_wconf 89' lang='lat' dir='ltr'>dici</span> <span class='ocrx_word' id='word_1_142' title='bbox 1023 3092 1114 3172; x_wconf 83' lang='lat' dir='ltr'>potest</span> 
     </span>
     <span class='ocr_line' id='line_1_25' title="bbox 433 3185 1211 3274; baseline -0.017 -16"><span class='ocrx_word' id='word_1_143' title='bbox 433 3197 575 3267; x_wconf 83' lang='lat' dir='ltr'>Tantum,</span> <span class='ocrx_word' id='word_1_144' title='bbox 589 3217 674 3274; x_wconf 84' lang='lat' dir='ltr'>quam</span> <span class='ocrx_word' id='word_1_145' title='bbox 688 3215 718 3252; x_wconf 91' lang='lat' dir='ltr'>re</span> <span class='ocrx_word' id='word_1_146' title='bbox 732 3192 791 3271; x_wconf 81' lang='lat' dir='ltr'>ipsa</span> <span class='ocrx_word' id='word_1_147' title='bbox 805 3192 940 3274; x_wconf 82' lang='lat' dir='ltr'>navigare</span> <span class='ocrx_word' id='word_1_148' title='bbox 952 3188 1160 3247; x_wconf 89' lang='lat' dir='ltr'>incommodum</span> <span class='ocrx_word' id='word_1_149' title='bbox 1169 3185 1211 3246; x_wconf 89' lang='lat' dir='ltr'>&#39;st.</span> 
     </span>
     <span class='ocr_line' id='line_1_26' title="bbox 432 3281 1314 3367; baseline -0.016 -16"><span class='ocrx_word' id='word_1_150' title='bbox 432 3293 507 3351; x_wconf 86' lang='lat' dir='ltr'>Par.</span> <span class='ocrx_word' id='word_1_151' title='bbox 522 3291 602 3362; x_wconf 61' lang='lat' dir='ltr'>Itane</span> <span class='ocrx_word' id='word_1_152' title='bbox 612 3290 668 3348; x_wconf 83' lang='lat' dir='ltr'>est?</span> <span class='ocrx_word' id='word_1_153' title='bbox 688 3290 732 3348; x_wconf 84' lang='lat' dir='ltr'>So.</span> <span class='ocrx_word' id='word_1_154' title='bbox 745 3286 773 3346; x_wconf 93' lang='lat' dir='ltr'><strong>O</strong></span> <span class='ocrx_word' id='word_1_155' title='bbox 784 3285 941 3345; x_wconf 82' lang='lat' dir='ltr'>fortunate!</span> <span class='ocrx_word' id='word_1_156' title='bbox 964 3282 1049 3367; x_wconf 83' lang='lat' dir='ltr'>nescis</span> <span class='ocrx_word' id='word_1_157' title='bbox 1060 3282 1131 3362; x_wconf 91' lang='lat' dir='ltr'>quid</span> <span class='ocrx_word' id='word_1_158' title='bbox 1141 3281 1208 3340; x_wconf 83' lang='lat' dir='ltr'>mali</span> <span class='ocrx_word' id='word_1_159' title='bbox 1311 3344 1314 3350; x_wconf 49' lang='grc'><strong>,</strong></span> 
     </span>
     <span class='ocr_line' id='line_1_27' title="bbox 430 3375 1333 3462; baseline -0.016 -18"><span class='ocrx_word' id='word_1_160' title='bbox 430 3383 626 3454; x_wconf 80' lang='lat' dir='ltr'>Praeterieris,</span> <span class='ocrx_word' id='word_1_161' title='bbox 640 3381 689 3462; x_wconf 90' lang='lat' dir='ltr'>qui</span> <span class='ocrx_word' id='word_1_162' title='bbox 700 3399 852 3458; x_wconf 82' lang='lat' dir='ltr'>numquam</span> <span class='ocrx_word' id='word_1_163' title='bbox 866 3399 894 3438; x_wconf 84' lang='lat' dir='ltr'>es</span> <span class='ocrx_word' id='word_1_164' title='bbox 909 3375 1043 3458; x_wconf 79' lang='lat' dir='ltr'>ingressus</span> <span class='ocrx_word' id='word_1_165' title='bbox 1057 3397 1142 3434; x_wconf 87' lang='lat' dir='ltr'>mare.</span> <span class='ocrx_word' id='word_1_166' title='bbox 1293 3394 1313 3456; x_wconf 71' lang='grc' dir='ltr'><strong>ς</strong></span> <span class='ocrx_word' id='word_1_167' title='bbox 1330 3399 1333 3402; x_wconf 50' lang='lat'><strong>⁴</strong></span> 
     </span>
     <span class='ocr_line' id='line_1_28' title="bbox 430 3471 1195 3543; baseline -0.017 -1"><span class='ocrx_word' id='word_1_168' title='bbox 430 3477 585 3542; x_wconf 81' lang='lat' dir='ltr'>Namalias</span> <span class='ocrx_word' id='word_1_169' title='bbox 600 3495 631 3542; x_wconf 90' lang='lat' dir='ltr'>ut</span> <span class='ocrx_word' id='word_1_170' title='bbox 642 3475 919 3543; x_wconf 78' lang='lat' dir='ltr'>omittammiserias,</span> <span class='ocrx_word' id='word_1_171' title='bbox 935 3493 1018 3532; x_wconf 88' lang='lat' dir='ltr'>unam</span> <span class='ocrx_word' id='word_1_172' title='bbox 1031 3472 1104 3530; x_wconf 85' lang='lat' dir='ltr'>hanc</span> <span class='ocrx_word' id='word_1_173' title='bbox 1117 3471 1195 3530; x_wconf 86' lang='lat' dir='ltr'>vide:</span> 
     </span>
     <span class='ocr_line' id='line_1_29' title="bbox 430 3551 1299 3656; baseline -0.02 -24"><span class='ocrx_word' id='word_1_174' title='bbox 430 3573 506 3636; x_wconf 82' lang='lat' dir='ltr'>Dies</span> <span class='ocrx_word' id='word_1_175' title='bbox 517 3573 647 3656; x_wconf 85' lang='lat' dir='ltr'>triginta,</span> <span class='ocrx_word' id='word_1_176' title='bbox 656 3585 707 3631; x_wconf 87' lang='lat' dir='ltr'>aut</span> <span class='ocrx_word' id='word_1_177' title='bbox 719 3570 783 3650; x_wconf 82' lang='lat' dir='ltr'>plne</span> <span class='ocrx_word' id='word_1_178' title='bbox 798 3591 842 3639; x_wconf 88' lang='lat' dir='ltr'>eo,</span> <span class='ocrx_word' id='word_1_179' title='bbox 855 3567 885 3626; x_wconf 90' lang='lat' dir='ltr'>in</span> <span class='ocrx_word' id='word_1_180' title='bbox 897 3565 960 3626; x_wconf 85' lang='lat' dir='ltr'>navi</span> <span class='ocrx_word' id='word_1_181' title='bbox 973 3562 1026 3633; x_wconf 85' lang='lat' dir='ltr'>fui,</span> <span class='ocrx_word' id='word_1_182' title='bbox 1296 3551 1299 3556; x_wconf 65' lang='grc'><strong>’</strong></span> 
     </span>
     <span class='ocr_line' id='line_1_30' title="bbox 426 3657 1187 3743; baseline -0.011 -17"><span class='ocrx_word' id='word_1_183' title='bbox 426 3667 506 3726; x_wconf 88' lang='lat' dir='ltr'>Cum</span> <span class='ocrx_word' id='word_1_184' title='bbox 515 3666 620 3726; x_wconf 82' lang='lat' dir='ltr'>interea</span> <span class='ocrx_word' id='word_1_185' title='bbox 632 3665 740 3743; x_wconf 85' lang='lat' dir='ltr'>semper</span> <span class='ocrx_word' id='word_1_186' title='bbox 752 3676 874 3722; x_wconf 88' lang='lat' dir='ltr'>mortem</span> <span class='ocrx_word' id='word_1_187' title='bbox 887 3659 1082 3739; x_wconf 70' lang='lat' dir='ltr'>exspeerabam</span> <span class='ocrx_word' id='word_1_188' title='bbox 1096 3657 1187 3718; x_wconf 82' lang='lat' dir='ltr'>miser.</span> 
     </span>
     <span class='ocr_line' id='line_1_31' title="bbox 427 3757 1042 3839; baseline -0.011 -18"><span class='ocrx_word' id='word_1_189' title='bbox 427 3763 478 3821; x_wconf 86' lang='lat' dir='ltr'>Ita</span> <span class='ocrx_word' id='word_1_190' title='bbox 489 3761 575 3839; x_wconf 81' lang='lat' dir='ltr'>usque</span> <span class='ocrx_word' id='word_1_191' title='bbox 584 3761 696 3820; x_wconf 84' lang='lat' dir='ltr'>advorsa</span> <span class='ocrx_word' id='word_1_192' title='bbox 707 3759 871 3838; x_wconf 84' lang='lat' dir='ltr'>tempestate</span> <span class='ocrx_word' id='word_1_193' title='bbox 885 3759 924 3818; x_wconf 85' lang='lat' dir='ltr'>usi</span> <span class='ocrx_word' id='word_1_194' title='bbox 939 3757 1042 3816; x_wconf 77' lang='lat' dir='ltr'>fumun.</span> 
     </span>
     <span class='ocr_line' id='line_1_32' title="bbox 423 3844 1309 3926; baseline -0.016 -8"><span class='ocrx_word' id='word_1_195' title='bbox 423 3859 501 3918; x_wconf 88' lang='lat' dir='ltr'>Par.</span> <span class='ocrx_word' id='word_1_196' title='bbox 517 3853 669 3916; x_wconf 85' lang='lat' dir='ltr'>Odiosum!</span> <span class='ocrx_word' id='word_1_197' title='bbox 704 3857 748 3915; x_wconf 85' lang='lat' dir='ltr'>So.</span> <span class='ocrx_word' id='word_1_198' title='bbox 763 3853 853 3914; x_wconf 83' lang='lat' dir='ltr'>Haud</span> <span class='ocrx_word' id='word_1_199' title='bbox 865 3853 938 3912; x_wconf 87' lang='lat' dir='ltr'>clam</span> <span class='ocrx_word' id='word_1_200' title='bbox 953 3872 997 3909; x_wconf 89' lang='lat' dir='ltr'>me</span> <span class='ocrx_word' id='word_1_201' title='bbox 1006 3849 1059 3908; x_wconf 85' lang='lat' dir='ltr'>est.</span> <span class='ocrx_word' id='word_1_202' title='bbox 1080 3847 1202 3926; x_wconf 91' lang='lat' dir='ltr'>denique</span> <span class='ocrx_word' id='word_1_203' title='bbox 1215 3844 1309 3906; x_wconf 85' lang='lat' dir='ltr'>hercle</span> 
     </span>
    </p>

    <p class='ocr_par' dir='ltr' id='par_1_16' title="bbox 548 3947 1307 4029">
     <span class='ocr_line' id='line_1_33' title="bbox 548 3947 1307 4029; baseline -0.008 -23"><span class='ocrx_word' id='word_1_204' title='bbox 548 3947 707 4029; x_wconf 82' lang='lat' dir='ltr'>aufugerim</span> <span class='ocrx_word' id='word_1_205' title='bbox 1270 3959 1307 4000; x_wconf 90' lang='lat'>10</span> 
     </span>
    </p>
   </div>
   <div class='ocr_carea' id='block_1_9' title="bbox 418 4037 1183 4196">
    <p class='ocr_par' dir='ltr' id='par_1_17' title="bbox 418 4037 1183 4196">
     <span class='ocr_line' id='line_1_34' title="bbox 418 4037 1183 4122; baseline -0.009 -19"><span class='ocrx_word' id='word_1_206' title='bbox 418 4040 536 4114; x_wconf 77' lang='lat' dir='ltr'>Potius,</span> <span class='ocrx_word' id='word_1_207' title='bbox 548 4041 769 4122; x_wconf 75' lang='lat' dir='ltr'>quam-redeam,</span> <span class='ocrx_word' id='word_1_208' title='bbox 784 4041 803 4102; x_wconf 85' lang='lat' dir='ltr'>fi</span> <span class='ocrx_word' id='word_1_209' title='bbox 815 4061 848 4100; x_wconf 89' lang='lat' dir='ltr'>eo</span> <span class='ocrx_word' id='word_1_210' title='bbox 859 4038 929 4100; x_wconf 88' lang='lat' dir='ltr'>mihi</span> <span class='ocrx_word' id='word_1_211' title='bbox 943 4038 1114 4098; x_wconf 83' lang='lat' dir='ltr'>redeundum</span> <span class='ocrx_word' id='word_1_212' title='bbox 1125 4037 1183 4098; x_wconf 71' lang='lat' dir='ltr'>fiet·</span> 
     </span>
     <span class='ocr_line' id='line_1_35' title="bbox 831 4137 896 4196; baseline -0.031 0"><span class='ocrx_word' id='word_1_213' title='bbox 831 4137 859 4196; x_wconf 89' lang='lat' dir='ltr'>E</span> <span class='ocrx_word' id='word_1_214' title='bbox 880 4157 896 4194; x_wconf 89' lang='lat' dir='ltr'>e</span> 
     </span>
    </p>
   </div>
   <div class='ocr_carea' id='block_1_10' title="bbox 0 0 1854 5259">
    <p class='ocr_par' dir='ltr' id='par_1_18' title="bbox 0 0 1854 5259">
     <span class='ocr_line' id='line_1_36' title="bbox 0 0 1854 5259; baseline 0 4"><span class='ocrx_word' id='word_1_215' title='bbox 0 0 1854 5259; x_wconf 95' lang='lat' dir='ltr'> </span> 
     </span>
    </p>
   </div>
  </div>
 </body>
</html>
