3700 5259
583 843 841 899 Aenus-lv.
894 848 1076 901 SCENA
1112 855 1132 902 Ι.
1240 865 1288 907 221

409 955 522 1020 Sublati
531 956 616 1016 animi
627 957 700 1018 sant.
721 958 777 1018 La.
789 954 886 1014 Etiam
896 977 1006 1015 mecum
1018 957 1137 1042 litigari

409 1054 462 1114 Ph.
473 1049 634 1121 Deliberet,
648 1050 845 1128 renuntietque
859 1049 945 1108 hodie
957 1049 1039 1122 mihi,

407 1148 532 1218 Velitne,
542 1170 577 1207 an
588 1171 660 1210 nont
683 1163 715 1208 ut
725 1148 784 1218 alii,
795 1147 891 1205 fihuic
904 1167 960 1204 non
970 1147 1015 1217 fit,
1026 1149 1085 1208 fiet.

412 1247 469 1305 La.
482 1243 724 1324 Phidippe‚ader!
747 1241 812 1302 audi
826 1241 933 1320 paucis·
954 1240 1035 1300 abiit.
1056 1243 1126 1322 quid
1138 1246 1217 1305 meai
1249 1247 1289 1319 ⁶9

410 1337 556 1397 Postremo
566 1338 640 1396 inter
653 1337 680 1396 se
693 1337 849 1418 transigant
858 1334 919 1413 ipfi,
933 1348 966 1392 ut
976 1335 1073 1396 iubete
1272 1331 1275 1336 ¹

407 1431 534 1516 Qando
548 1451 598 1489 nec
616 1443 732 1513 gnatus,
754 1448 844 1506 neque
858 1427 904 1488 hic
918 1428 988 1486 mihi
1007 1431 1162 1511 quidquam
1176 1434 1285 1519 obtent-

405 1563 409 1574 ·
529 1538 645 1603 perant:

407 1619 492 1702 Qae
505 1617 580 1686 dico,
591 1616 816 1696 parvipendunt.
836 1630 920 1697 porto
933 1617 989 1676 hoc
997 1621 1126 1701 jurgium

408 1712 461 1772 Ad
471 1731 598 1781 uxorem,
613 1714 690 1792 eujus
704 1714 773 1772 haec
786 1713 859 1772 fiunt
871 1712 986 1772 confilio
1000 1716 1110 1775 omnia:

407 1807 512 1885 Atque
525 1806 554 1864 in
569 1827 629 1866 earn
638 1807 692 1866 hoc
702 1829 795 1882 omne,
803 1810 883 1886 quod
892 1807 962 1866 mihi
972 1829 1056 1891 aegre
1067 1811 1110 1879 ’st‚
1119 1830 1255 1868 evomam.

406 1977 1281 2015 mm

557 2072 753 2151 news.
789 2076 843 2149 IY·
886 2076 1139 2152 scENAI„

577 2192 831 2269 arranem-Na.
866 2194 1119 2251 emmanue.

408 2331 413 2340 .
734 2307 756 2344 n
766 2307 784 2348 r
793 2307 836 2345 an
847 2308 865 2344 n
875 2309 883 2346 1
893 2309 910 2345 n
920 2307 950 2346 A.
1263 2312 1267 2318 ·

409 2382 588 2533 PERII!
612 2380 681 2460 quid
690 2383 793 2464 agam?
812 2403 870 2460 quo
878 2401 922 2440 me
935 2383 1063 2441 vortam?
1076 2382 1146 2460 quid
1153 2382 1212 2441 viro
1222 2391 1285 2459 me'q

597 2475 770 2555 respondebo

406 2571 531 2632 Misera?
550 2573 614 2628 nani
628 2569 756 2630 audivisse
764 2589 860 2630 vocem
873 2559 1029 2650 puerivisn’
1039 2570 1072 2630 'st
1081 2572 1234 2655 vagientis:

407 2670 455 2728 Ita
469 2666 608 2746 corripuit
620 2667 770 2745 derepente
784 2667 887 2726 tacitus
898 2665 953 2726 sese
965 2669 1003 2726 ad
1015 2665 1112 2726 filiam.

405 2765 497 2851 Qrod
507 2765 526 2822 fi
538 2761 659 2820 rescierit
672 2761 803 2843 peperiffe
816 2781 887 2832 eam,
902 2757 933 2818 id
941 2781 997 2840 qua
1007 2759 1171 2824 causaclam'
1180 2785 1224 2824 me
1232 2765 1284 2825 ha.

410 2903 414 2910 .
529 2856 616 2916 buiffe
1212 2883 1215 2888 ·

404 2956 532 3014 Dicam?
552 2975 608 3012 non
622 2949 738 3030 aedepol
750 2949 816 3008 scio.
1264 2972 1283 3032 5

404 3047 463 3107 Sed
476 3047 577 3106 ostium
590 3042 769 3121 concrepuit!
790 3041 884 3109 credo,
898 3039 989 3120 ipsum
1000 3044 1036 3102 ad
1046 3064 1090 3102 me
1103 3044 1187 3104 exire.
1209 3045 1286 3111 nulia

530 3143 605 3206 sum!
1254 3193 1257 3197 .

405 3239 460 3297 Ph.
478 3239 562 3297 Uxor
576 3236 625 3296 ubi
636 3255 680 3294 me
691 3235 726 3294 ad
740 3229 826 3292 filiam
837 3234 877 3292 ire
891 3233 982 3303 sentit,
993 3232 1109 3295 seduxit
1119 3235 1204 3298 foras.

403 3332 510 3412 Atque
518 3353 612 3391 eccam
626 3331 722 3392 video!
738 3329 809 3408 quid
816 3329 856 3388 aia
865 3327 1035 3407 Myrrhina?
1046 3330 1131 3395 henr!
1148 3327 1284 3392 tibidico.

529 3427 592 3504 My.
603 3425 725 3493 Mihine‚
739 3423 778 3482 mi
791 3423 850 3481 viri

405 3522 461 3580 Pb.
473 3519 528 3578 Vir
540 3541 595 3602 ego
605 3532 671 3598 tuua
680 3518 756 3580 sum?
775 3521 837 3590 tun'
856 3517 945 3583 virum
956 3537 1011 3588 tue,
1025 3530 1074 3577 aut
1082 3516 1224 3578 hominem
1236 3507 1287 3579 de«

529 3629 613 3692 putas
626 3615 696 3672 adeo
707 3612 774 3671 eise?

404 3707 511 3768 Namsr
523 3712 659 3770 utrumvis
666 3710 776 3779 horum,
782 3708 1034 3789 mulier‚umqnam
1043 3710 1097 3770 trini
1104 3710 1177 3771 visua
1186 3711 1287 3784 forem,

404 3805 475 3864 Non
484 3806 521 3864 fic
534 3805 656 3865 ludibrio
671 3805 726 3865 tuis
741 3805 822 3865 saetis
833 3805 947 3866 habitus
961 3805 1051 3864 effem.
1079 3807 1142 3885 My.
1153 3807 1289 3893 Qibus?

426 3944 429 3952 .
462 3949 464 3955 s
531 3901 584 3958 Ph.
596 3899 641 3958 At
656 3899 783 3982 rogitas?
1250 3921 1285 3961 η.

405 3992 523 4072 Peperit
543 3991 611 4052 filia.
633 3995 715 4055 hemi
737 3997 833 4056 taces?
852 4015 886 4074 er
900 3995 977 4075 quoi
1004 3996 1069 4078 Μ).Ι
1082 3994 1155 4068 Istuc
1175 4008 1286 4076 patrem

530 4106 632 4178 rogare
644 4088 682 4148 est
696 4089 833 4172 aequqrn?
