3700 5259
545 828 606 884 22⁶·
812 811 1138 878 HECY'RA.

549 941 606 1002 La.
618 937 700 1024 Qtid
711 935 763 1009 vir,
783 931 948 1016 Pamphile?
975 937 1031 994 Pa.
1042 931 1123 992 Hinc
1135 928 1213 992 abire
1227 928 1364 989 matrem?
1379 921 1437 985 mia

673 1053 765 1092 nume.
785 1033 842 1092 Lar
852 1031 935 1116 Qrid
947 1029 989 1089 ita
996 1029 1065 1089 istuc
1074 1029 1136 1090 vis?

553 1129 610 1192 Pa.
620 1128 700 1214 Quia
709 1129 745 1188 de
754 1147 842 1188 uxore
852 1126 976 1186 incertur
984 1124 1044 1184 sum
1052 1124 1150 1196 etiam,
1159 1122 1231 1203 quid
1239 1121 1289 1182 lim
1298 1119 1436 1180 trema.

674 1223 731 1282 La.
741 1209 824 1307 Qid
837 1220 893 1280 est?

553 1311 635 1404 Quid
648 1317 692 1376 riu
705 1315 806 1388 faeere3
827 1316 876 1376 nili
891 1306 1043 1377 reducere?
1062 1319 1119 1378 Pa.
1129 1313 1272 1394 Equidem
1284 1309 1386 1390 cupior
1407 1316 1440 1366 et

675 1411 722 1470 vix
735 1411 891 1472 contineor.

557 1508 615 1568 Sed
627 1529 682 1566 non
697 1506 822 1566 minuam
835 1527 929 1567 meum
941 1505 1095 1567 eonsrliumr
1122 1524 1157 1564 ex
1169 1499 1222 1561 usu
1240 1497 1320 1580 quod
1336 1497 1388 1568 eit,
1409 1495 1442 1554 id
1567 1572 1568 1579 ἵ

678 1601 838 1682 persequer.
1105 1678 1109 1688 ¹
1352 1610 1356 1614 ’
1404 1613 1445 1654 ro

558 1696 653 1757 Credo
663 1715 695 1754 ea
708 1697 803 1776 gratia
813 1699 964 1776 concordes
975 1697 1078 1781 magia,
1091 1699 1112 1758 u
1126 1708 1182 1756 no'n
1192 1695 1334 1761 reducam,
1348 1689 1423 1748 foret

559 1789 748 1852 La.Nrsciar.
766 1787 1444 1865 vemmidtaarefertnthfl,remmillaefeeerintr

559 1888 686 1972 Qando
696 1887 765 1948 haec
775 1888 886 1946 abierit.
905 1889 1001 1948 odiosa
1009 1890 1079 1948 haec
1086 1879 1125 1948 est
1133 1903 1209 1949 aetas
1217 1874 1444 1946 adolescentulis·

563 1979 590 2040 E
602 1982 694 2042 medio
708 2003 826 2062 aequom
840 1987 973 2044 excedere
980 1985 1028 2043 eu.
1049 1986 1257 2065 poliremojarrr
1267 1994 1317 2040 nor·
1328 1975 1449 2037 fabulae

563 2075 677 2144 Sumus,
692 2075 849 2154 Pamphile,
864 2077 955 2149 senex,
969 2091 1056 2157 atque
1070 2101 1150 2138 anus.
1408 2091 1446 2150 ις

564 2167 621 2227 Sed
633 2167 714 2227 rideo
724 2157 896 2250 Phidippum
911 2171 1007 2254 egredi
1017 2195 1068 2253 per
1081 2188 1203 2254 tempus,
1216 2165 1391 2232 accedamus.

683 2319 880 2394 Aeros
922 2328 978 2395 Ν.
1033 2319 1228 2399 neuun
1270 2319 1325 2394 1'v.

616 2449 863 2502 PHIDlPPUS·
892 2453 1081 2506 LACHES.
1110 2452 1386 2505 Paternum

569 2610 573 2616 Ι
887 2551 930 2589 un
939 2551 949 2590 r
958 2541 979 2589 u'
987 2546 996 2589 r
1005 2552 1019 2589 r
1029 2553 1044 2589 r
1054 2553 1073 2592 υ
1083 2553 1106 2592 r.
1139 2587 1142 2593 .

564 2625 672 2686 TIBI
686 2640 800 2702 quoque
814 2625 932 2703 aedepol
945 2625 1033 2684 iratur
1047 2625 1117 2696 sum,
1131 2612 1310 2694 Philumena,

563 2719 699 2782 Graviter
711 2717 840 2796 quidemr
857 2719 1029 2781 nanthercle
1042 2722 1093 2782 ab'u
1106 2735 1136 2780 te
1148 2721 1257 2780 fuitum
1265 2722 1299 2780 'll
1311 2712 1451 2799 turpiter.
1570 2792 1571 2797 ἵ

564 2815 626 2898 Etsr
636 2813 690 2873 tibi
701 2810 781 2870 causa
795 2810 833 2869 est
843 2812 941 2870 dehac
953 2833 994 2882 re,
1009 2828 1099 2892 rpate'r
1109 2837 1181 2894 quae
1194 2830 1225 2874 te
1238 2816 1368 2896 impulit:
1570 2822 1571 2835 ¹

565 2911 647 2972 Huic
662 2930 729 2968 vero
740 2907 816 2994 nulla
826 2907 874 2966 est.
895 2909 954 2968 La.
966 2909 1137 2988 Opportune
1149 2924 1179 2970 te
1191 2909 1273 2981 mihi,

565 3003 718 3084 Phidippe,
732 3002 761 3060 in
775 3002 835 3081 ipio
845 3016 972 3081 tempore
982 3003 1112 3063 ostendis.
1134 3007 1188 3064 Ph.
1197 3006 1279 3091 Qid
1291 3006 1347 3064 est?
1432 3024 1453 3085 ς

566 3103 624 3162 Pa.
633 3099 714 3186 Qid
723 3097 896 3178 respondebo
907 3098 969 3158 hia?
982 3112 1032 3157 aut
1041 3121 1101 3177 quo
1113 3101 1197 3179 patio
1207 3101 1261 3158 hoc
1275 3099 1424 3179 aperiam?=

566 3197 623 3258 La.
636 3193 695 3256 Dic
703 3193 789 3264 filiae,
803 3217 850 3258 rus
861 3195 1051 3255 concelluram
1061 3195 1128 3254 hinc
1142 3195 1310 3254 Sostratam:

566 3291 612 3354 Ne
622 3302 792 3359 revereatur,
807 3288 966 3368 minusjam
975 3309 1034 3368 quo
1046 3289 1145 3348 redeat
1155 3289 1281 3348 domurn.
1302 3289 1355 3347 Pb.
1364 3288 1442 3350 Ah!

566 3385 684 3450 Nullam
697 3385 732 3444 de
742 3382 786 3442 hir
798 3382 881 3443 rebus
893 3382 1007 3460 culpam
1015 3373 1183 3442 commeruit
1195 3397 1264 3442 tua-r

567 3478 601 3538 A
610 3476 761 3556 Myrrhina
771 3475 840 3535 haec
851 3473 913 3535 sunt
924 3495 986 3534 mea
999 3497 1089 3535 uxore
1098 3489 1195 3534 exorta
1209 3475 1314 3535 omnia.
1416 3498 1458 3541 10

568 3569 697 3632 Mutatio
708 3571 757 3630 fita
774 3589 806 3628 ea
817 3589 867 3628 nos
876 3567 1035 3647 perturbat,
1050 3569 1174 3639 Laches.

568 3669 625 3726 Pa.
633 3664 715 3724 Dum
725 3685 759 3724 ne
773 3664 915 3734 reducam,
929 3664 1047 3724 turbent
1062 3687 1159 3744 porro,
1172 3686 1258 3742 quam
1271 3661 1370 3722 velint.

568 3759 622 3822 Pb'.
633 3757 711 3839 Ego,
726 3757 884 3836 Pamphile,
900 3758 951 3818 elle
961 3759 1035 3819 inter
1048 3781 1110 3831 noa,
1124 3761 1143 3818 fi
1155 3759 1216 3819 heri
1225 3759 1328 3840 potest,

567 3849 758 3916 Adfluitatern
765 3850 844 3910 hanc
857 3851 920 3910 sane
930 3864 1096 3931 perpetuam
1107 3851 1186 3912 volo.

568 3947 619 4030 Sin
628 3943 677 4014 eu,
692 3957 724 4003 ut
735 3943 816 4004 aliter
826 3958 876 4005 tua
890 3946 941 4005 fiet
953 3945 1099 4018 sententia,
1420 3968 1433 4010 r
1439 3971 1461 4031 5

568 4036 706 4119 Accipias
719 4059 848 4118 puerum.
871 4043 928 4100 Pa.
938 4041 1030 4102 Senfit
1042 4041 1184 4123 peperille.
1203 4043 1322 4105 oocidil.
