3700 5259
628 821 678 869 ms
843 794 1267 862 nuncnuncum
1384 818 1390 830 ·

625 917 671 992 effl-
677 909 850 991 simularent.
885 911 1018 988 Postridie
1034 933 1114 972 mane
1127 913 1250 976 Chremes
1268 917 1307 975 ad
1316 915 1478 978 Menedenun

624 1007 924 1091 diluculoproficescitur,
934 1020 962 1068 et
971 1011 1070 1086 redisffl
1081 1009 1201 1070 Cliniam
1208 1015 1328 1070 nunciat.
1347 1012 1478 1092 illegaadio

622 1131 725 1179 amens,
731 1109 823 1185 silium
830 1109 967 1184 jamjam
981 1108 1080 1175 uidere,
1087 1108 1225 1183 jamjam
1233 1108 1360 1186 amplctii,
1365 1109 1422 1183 jam
1427 1108 1479 1183 jam

621 1207 648 1263 ei
648 1204 680 1284 β
683 1205 788 1284 suaque
799 1205 889 1262 omnia
897 1204 1055 1280 permittere
1067 1203 1198 1282 capiebat.
1221 1199 1266 1262 At
1281 1203 1404 1271 Chremes,
1415 1224 1478 1271 caves

620 1302 720 1372 inquit,
727 1301 826 1374 flexis.-
846 1298 906 1374 istoc
915 1301 986 1356 enim
993 1298 1100 1356 modoet
1108 1308 1145 1367 te,
1155 1309 1183 1356 et
1191 1320 1264 1369 eum,
1272 1310 1300 1358 et
1310 1321 1364 1357 rem
1373 1312 1478 1376 unuper·

620 1395 720 1453 dideris
738 1404 834 1452 tuam:
843 1391 933 1469 ſsmal
942 1394 969 1448 ei
986 1389 1104 1466 qpiendit,
1123 1402 1190 1466 quot¹
1200 1393 1360 1451 incommoda
1371 1403 1480 1469 capturus

608 1489 669 1568 fit:
679 1488 778 1566 fitam
796 1486 867 1546 molli
879 1489 925 1564 ιβ
934 1483 977 1563 se,
997 1496 1106 1564 tamque
1122 1489 1241 1564 inflatio
1254 1493 1343 1547 animo
1355 1487 1480 1565 ostenderit.

621 1585 728 1644 Cliniae
746 1586 863 1642 amicam
883 1587 963 1662 (eam
977 1581 1230 1645 enimBacchidem
1249 1579 1428 1660 exisiimahat)
1439 1601 1480 1640 non

611 1677 678 1754 jam
685 1675 877 1756 pauperculam
889 1676 944 1752 effe,
958 1684 1009 1732 aut
1023 1688 1111 1752 parvo
1124 1685 1288 1746 contentam,
1303 1687 1334 1735 ut
1342 1686 1432 1744 antea;
1443 1672 1484 1756 sel

611 1773 800 1854 qumptuostm,
814 1771 928 1850 gemmis
944 1778 1026 1843 atque
1042 1766 1302 1839 aurocollucentem,
1321 1766 1481 1846 cumfiomilia

619 1866 823 1945 numeroſsfflma.
856 1863 931 1930 Una,
944 1864 1042 1936 inquit,
1057 1860 1122 1918 mihi
1134 1881 1183 1918 nox
1198 1870 1312 1922 tantum
1323 1883 1372 1920 non
1380 1875 1480 1940 pauper·

617 1969 703 2017 tatem
717 1959 823 2026 attulit,
842 1957 938 2014 nedum
950 1966 982 2013 tu
997 1966 1024 2013 te
1036 1955 1138 2035 cenphas
1150 1960 1225 2013 oneri
1229 1959 1346 2033 firendo
1349 1961 1417 2035 sore,
1419 1955 1448 2034 β
1456 1966 1479 2013 te

617 2050 660 2107 illi
666 2064 791 2130 perpetuo
802 2052 954 2132 sumptibus
964 2049 1139 2131 fieppcditare
1154 2060 1287 2126 oporteat.
1321 2052 1395 2127 ,Quin
1407 2060 1434 2106 tu
1446 2052 1481 2106 ito

611 2147 703 2218 potius
720 2147 815 2224 agito.-
835 2145 950 2202 humane
967 2144 1071 2218 quidem
1088 2154 1121 2208 et¹
1133 2148 1243 2202 conciter
1263 2150 1374 2224 excipito
1384 2144 1479 2221 filium

615 2235 686 2312 istud
693 2248 784 2296 tamen
797 2247 856 2296 tam
864 2239 991 2315 impotens
999 2233 1071 2294 illius
1084 2235 1238 2312 destderium
1246 2238 1376 2300 occuitum
1387 2237 1480 2294 hahetoe
1536 2274 1537 2317 3

616 2330 709 2409 tumsi
718 2331 772 2401 ille,
786 2332 855 2406 quod
861 2333 965 2388 amicae
971 2329 1026 2398 det,
1037 2328 1183 2400 utbabeat,
1193 2335 1347 2394 machinam
1359 2327 1480 2408 advaficn
1536 2320 1537 2393 h

615 2439 643 2486 te
656 2429 776 2504 aliquam
772 2428 873 2505 struet,
882 2426 954 2503 fialli
962 2437 991 2483 te
988 2424 1093 2503 stnitoc
1112 2429 1157 2484 ita
1168 2439 1197 2486 et
1208 2450 1271 2487 eum
1283 2426 1431 2489 commodius
1443 2442 1479 2478 re·
1536 2416 1537 2481 l

615 2527 710 2584 tinehis
723 2524 797 2600 apud
806 2535 843 2594 te,
857 2535 884 2582 et
886 2523 1042 2604 fismptuum
1046 2524 1139 2598 facies
1151 2528 1250 2584 minus.
1272 2522 1479 2585 HaecChreness
1536 2550 1537 2591 s

614 2615 712 2695 meſsius
726 2620 745 2694 (
747 2625 777 2674 ut
776 2615 844 2695 stunt
856 2609 994 2685 humana)
1002 2611 1136 2672 oculatum
1140 2617 1215 2692 foris
1225 2619 1273 2692 effe
1276 2619 1321 2697 β,
1338 2634 1432 2674 coecum
1442 2612 1479 2669 do·

614 2712 661 2768 mi.
690 2707 801 2766 Interea
816 2712 886 2766 enim
899 2709 1082 2767 meditabatur
1095 2710 1189 2785 Syrus,
1203 2713 1292 2770 decem
1309 2715 1406 2778 minas,
1424 2728 1479 2782 quas

613 2801 745 2862 Bacchidi
752 2802 886 2882 pollicitus
894 2813 965 2868 ‚erat
977 2804 1054 2872 dare,
1072 2826 1119 2863 eos
1137 2809 1256 2881 quomodo
1269 2808 1314 2866 illi
1326 2829 1345 2864 a
1360 2805 1480 2866 Chremete

612 2900 664 2980 ipso
673 2903 823 2975 conficeret:
830 2897 944 2972 jacetque
951 2899 1021 2954 inihi
1025 2908 1098 2967 erat,
1106 2920 1187 2973 quum
1192 2922 1253 2959 eum
1264 2902 1387 2962 Chremes
1397 2907 1478 2970 arrep-

611 3004 670 3050 tum
680 2993 773 3054 blande
780 2989 924 3068 compellat,
935 2990 1119 3067 hortaturque,
1128 2994 1249 3068 aliquam
1256 2997 1297 3052 ad
1305 2993 1479 3052 Menedemum

601 3083 751 3160 stallaciam
760 3085 905 3144 molliatur.
927 3081 1024 3158 Injec'it
1036 3090 1066 3144 in
1066 3086 1186 3169 sermone
1197 3089 1220 3146 S
1213 3110 1282 3165 prus
1296 3088 1478 3147 mendaciumn

602 3175 701 3254 sepro
721 3188 834 3255 tempore
850 3179 1003 3252 constitum.-
1023 3202 1106 3239 anum
1128 3183 1309 3252 Corinthiam,
1332 3177 1479 3258 Antiphilus

611 3272 673 3348 (ita
686 3273 756 3328 enim
770 3268 942 3348 putabatur)
955 3280 1080 3341 matrem,
1102 3273 1174 3333 mille
1192 3275 1385 3334 drachmarum
1398 3280 1477 3330 mutuo

610 3367 729 3445 accepiffe
741 3388 760 3424 a
773 3363 923 3424 Bacchide:
944 3384 977 3422 eu
985 3377 1108 3438 mortua,
1117 3368 1236 3445 puellam
1249 3384 1301 3446 pro
1310 3370 1424 3448 pecunia
1435 3362 1478 3422 illa
1493 3421 1495 3428 ,

608 3460 754 3518 arrhaboni
763 3458 892 3519 relictam.
914 3455 1062 3518 Dumhaec
1069 3473 1201 3540 aguntur,
1211 3463 1344 3522 annulum
1344 3463 1422 3544 stium
1430 3478 1476 3536 ag·

609 3558 683 3612 novit
697 3554 829 3632 Sostrata,
843 3551 946 3634 eq'usque
957 3556 1065 3625 indicio,
1079 3555 1252 3634 Antiphilam
1256 3559 1350 3635 filiam
1353 3559 1431 3640 stiam
1439 3552 1478 3628 ιβ

608 3655 737 3731 cognovit.
769 3651 875 3710 Gaudio
888 3649 1014 3732 eosslicnm
1035 3673 1135 3711 omnem
1147 3675 1204 3712 rem
1220 3657 1307 3733 defiet
1326 3658 1366 3716 ad
1377 3657 1475 3716 virano

607 3748 663 3818 qui,
687 3766 720 3804 ea
739 3745 834 3808 leviter
846 3747 1000 3826 objurgata,
1024 3749 1053 3805 oh
1072 3762 1208 3828 repertam
1221 3744 1312 3811 tamen
1324 3753 1413 3832 filiam
1429 3744 1475 3828 ipsc

606 3843 819 3923 quoquegaoifies
832 3841 876 3919 ιβ
897 3843 974 3923 Jam
985 3846 1074 3901 omnia
1083 3847 1114 3902 in
1124 3846 1269 3920 tranquillo
1278 3858 1358 3905 mant
1364 3870 1378 3915 ,⁰
1392 3841 1476 3923 aisque

605 3929 739 3993 Bacchide
739 3939 842 4015 fisifflt.
872 3937 928 3996 Sed
937 3948 965 3995 et
977 3937 1020 4000 illi
1031 3959 1128 4014 quoquo
1140 3941 1211 3998 modo
1223 3943 1309 4000 decem
1321 3935 1474 3999 excudenda

605 4039 685 4089 erant
693 4035 802 4112 argenti
810 4035 908 4105 minae,
918 4043 945 4092 et
950 4033 1099 4111 periculum
1106 4045 1179 4107 erat,
1189 4057 1224 4095 ne
1230 4037 1323 4114 aliqua
1333 4057 1391 4096 eam
1397 4032 1471 4099 Chre·
