3700 5259
600 780 832 831 acuunt.
874 780 1106 849 scurror.
1280 794 1293 843 φ

417 880 500 940 Dum
513 887 601 945 aetas,
610 886 713 944 metue,
722 870 853 955 magister
865 872 1073 951 prohibebant?
1093 874 1137 933 So.
1154 872 1200 932 Ita
1214 872 1262 933 est.

416 977 462 1033 Si.
482 971 571 1057 Quod
580 967 710 1048 plerique
717 986 813 1025 omnea
823 965 930 1026 faciunt
943 967 1152 1040 adolescentuli,

416 1070 465 1129 Ut
472 1068 595 1126 animum
604 1066 642 1123 ad
649 1063 765 1140 aliquod
772 1061 892 1121 studium
900 1063 1068 1144 adjungant,
1075 1070 1124 1122 aut
1129 1086 1216 1143 equor

414 1164 520 1233 Alere,
533 1174 584 1222 aut
596 1180 679 1218 cauce
693 1158 730 1218 ad
742 1158 908 1227 venandum,
922 1172 972 1217 aut
986 1159 1023 1217 ad
1031 1158 1231 1240 Philosophoae
1255 1180 1295 1241 30

418 1258 536 1317 Horum
549 1256 597 1314 ille
610 1252 804 1335 nihilegregie
818 1267 930 1331 praeter
944 1266 1054 1313 caetera

417 1352 577 1418 Studebat3
599 1361 731 1407 ettamen
741 1345 835 1405 omnia
843 1346 913 1403 baec
926 1346 1112 1405 mediocriter.

418 1444 599 1505 Gaudebam.
620 1442 665 1499 So.
680 1438 746 1499 Non
760 1438 877 1517 injuria:
892 1426 957 1499 uam
971 1440 1001 1499 id
1011 1440 1134 1499 arbitror

417 1537 562 1617 Adprime
575 1536 604 1595 in
617 1535 676 1595 rita
685 1535 736 1594 effe
743 1534 825 1604 utile,
845 1548 879 1595 ut
890 1555 929 1595 uu
945 1556 1021 1609 quio
1033 1558 1132 1597 naurs.

419 1636 464 1692 Si.
486 1632 534 1691 Sic
547 1630 605 1693 vita
615 1643 691 1693 erate
713 1628 796 1692 facile
808 1628 915 1691 omneis
924 1630 1048 1711 perferre
1061 1648 1095 1691 ac
1107 1632 1186 1713 pati3
1256 1644 1295 1710 35

418 1730 495 1787 Cum
504 1726 608 1805 quibua
618 1739 679 1785 erat
688 1743 809 1801 cumque
820 1744 886 1793 una,
896 1723 931 1784 iia
943 1722 997 1785 sese
1007 1725 1123 1797 dederer

418 1825 530 1887 Eorum
540 1820 656 1899 obsequi
669 1820 785 1890 studiire
805 1819 936 1881 adrorsur
949 1820 1070 1881 nemini:

314 1912 317 1921 ¹
416 1920 584 1997 Numquam
593 1914 882 1995 praeponenoieiliir.
908 1918 956 1977 Ita
965 1917 1106 1978 facillume

321 2033 325 2041 '
419 2016 489 2075 Sine
502 2012 606 2075 invidia
614 2012 727 2074 laudern
740 2009 874 2080 inveniar,
888 2024 917 2071 et
927 2011 1031 2075 amiam
1044 2032 1136 2091 parer.

418 2114 466 2170 So.
489 2107 637 2187 Sapienter
649 2107 737 2168 vitam
747 2107 884 2169 instituite
903 2130 1024 2187 namque
1035 2108 1224 2188 hoctempore
1256 2124 1300 2183 40

419 2204 615 2275 Oaerrrnu
628 2220 757 2271 aurcos,
771 2220 903 2262 rurum
915 2222 1018 2263 onium
1033 2223 1137 2263 rarrr.

418 2300 462 2359 Si.
487 2298 600 2355 Interea
609 2296 711 2357 mulier
719 2300 868 2375 quaedum,
883 2301 987 2360 abhinc
1000 2300 1163 2370 triennium,

419 2393 469 2451 Ex
479 2391 585 2451 Andro
598 2390 795 2473 commigravit
804 2395 860 2454 bue
869 2395 997 2467 viciniae,

420 2484 527 2564 Inopia
537 2498 565 2541 et
576 2497 763 2566 cognatorum
777 2487 951 2571 negligentia

418 2583 542 2651 coaeta,
552 2581 669 2674 egregia
677 2580 778 2651 forma,
790 2596 876 2661 atque
884 2597 976 2645 aetate
986 2582 1108 2665 integra.
1258 2593 1300 2658 45

420 2681 468 2737 So.
492 2676 552 2734 Hei
566 2696 672 2747 vereor,
683 2697 718 2738 ne
731 2678 802 2755 quid
811 2678 925 2739 Andria
939 2680 1069 2758 adportet
1080 2675 1156 2735 mali.
1173 2679 1175 2693 '

420 2776 464 2835 Si.
488 2770 615 2832 Primum
624 2770 693 2831 haec
701 2771 804 2849 pudice
816 2772 913 2842 vitam,
928 2792 1023 2851 parce,
1034 2790 1066 2831 ac
1076 2764 1184 2829 duriter

420 2868 556 2951 Agebat,
567 2867 632 2924 lana
642 2887 675 2924 ac
683 2865 740 2925 tela
753 2867 856 2927 vidium
866 2868 1027 2946 quaeritans
1035 2888 1055 2925 e.

419 2962 480 3021 Sed
490 2959 638 3038 postquam
648 2980 744 3020 aroana
758 2960 877 3029 accedit,
890 2960 1014 3039 pretium
1028 2956 1175 3038 pollicens,

350 3056 356 3080 ¹
420 3060 519 3125 Unus,
533 3054 643 3115 etitem
657 3055 745 3127 alter3
765 3057 848 3118 itaut
857 3056 1003 3140 ingenium
1013 3055 1051 3113 est
1062 3052 1186 3113 omnium
1260 3071 1300 3131 50

420 3150 585 3214 Hominum
595 3152 631 3210 ab
644 3152 741 3213 labore
753 3152 877 3232 proclive
889 3153 927 3210 ad
935 3148 1105 3218 lubidinem

419 3251 549 3330 Accepit
561 3249 761 3317 conditionem,
775 3249 840 3307 dein
854 3246 997 3325 quaestum
1011 3244 1126 3323 occipit.
1159 3284 1162 3289 v

420 3347 485 3433 Qi
498 3360 559 3431 tum
569 3346 647 3407 illam
657 3344 800 3413 amabant,
810 3343 895 3412 forte,
904 3341 945 3399 ita
956 3352 988 3399 ut
998 3342 1042 3408 fit,
1051 3337 1140 3397 filium

421 3444 581 3502 Perduxere
592 3441 670 3511 illuc,
684 3441 776 3500 secum
788 3454 820 3499 ut
833 3458 888 3499 una
896 3436 972 3507 eliet,
983 3454 1085 3494 meum.

311 3608 317 3614 ,
422 3538 550 3620 Egomet
559 3536 695 3596 continuo
704 3556 831 3593 meeum:
852 3533 939 3592 Certe
949 3542 1048 3609 captur
1063 3526 1116 3585 est!
1261 3543 1278 3603 5
1281 3542 1299 3601 ς

422 3633 540 3691 Habet!
564 3618 744 3694 observabam
755 3651 835 3690 mane
846 3627 958 3686 illorum
969 3623 1090 3685 servulos

421 3727 574 3787 Venientes
584 3741 634 3786 aut
647 3726 798 3785 abeuntes:
820 3721 992 3805 rogitabam‚
1011 3717 1094 3777 Heni
1107 3736 1188 3795 puer,

423 3822 484 3882 Dic
495 3820 582 3891 iodea,
595 3821 658 3900 quie
668 3820 729 3879 heri
739 3818 907 3896 Chrysidem
914 3814 1032 3875 habuit?
1053 3834 1117 3871 nam
1127 3807 1257 3869 Andriae

425 3918 474 3976 Illi
485 3918 515 3977 id
527 3932 588 3977 erat
602 3935 713 3976 nomen.
736 3917 780 3977 So.
796 3912 904 3972 Teneo.
938 3911 980 3968 Si.
996 3906 1165 3975 Phaedrum,
1181 3919 1230 3973 aut
1241 3902 1301 3964 Cli-

545 4012 633 4082 niam,
