3700 5259
595 799 1138 874 nonusdecimus.
1254 820 1303 888 ης

413 922 540 1020 Adesse,
551 935 663 1014 quaeso.
685 935 733 992 Cea
747 932 840 1015 iratur
852 935 898 995 ell.
919 937 975 996 Pb.
982 928 1167 1022 Qintuhoe
1174 950 1239 1014 age.
1253 919 1302 991 ’st'l

415 1025 486 1106 Jam
499 1051 554 1112 ego
568 1029 643 1087 hunc
657 1025 785 1110 agitabo.
807 1026 865 1088 Pru
876 1027 973 1088 Deum
984 1024 1199 1086 immortalium!

423 1125 520 1208 Negat
536 1125 676 1184 Phanium
689 1125 740 1184 elle'
751 1127 822 1184 hanc
836 1126 886 1185 sibi
900 1135 1053 1207 'cognatam
1064 1121 1232 1201 Demipho?
1285 1121 1303 1201 ς’

425 1220 512 1280 Hane
526 1219 673 1300 Demipho
688 1233 774 1302 negat
784 1219 836 1279 esse
849 1217 1020 1301 cognatam?
1040 1215 1087 1274 Ges
1098 1215 1204 1296 Negat.
1295 1249 1302 1257 „

424 1321 478 1379 Ph.
488 1319 589 1397 Neque
602 1315 660 1400 ejus
674 1317 783 1396 patrem
798 1313 823 1374 se
837 1311 916 1384 seire,
932 1312 982 1392 qui
995 1308 1100 1370 suerit?
1119 1309 1166 1369 Ge.
1176 1307 1283 1392 Negat.

424 1393 479 1474 De.
492 1408 588 1500 Ipsum
598 1409 649 1473 else
662 1412 772 1494 opinor,
787 1409 822 1470 de
836 1417 894 1488 quo
908 1406 1037 1490 agebam.
1059 1404 1223 1482 sequimini,

425 1509 479 1570 Ph.
490 1511 550 1572 Nec
561 1499 740 1591 Stilphonem
753 1508 843 1588 ipsum
858 1503 937 1574 scire,
952 1501 1002 1580 qui
1014 1492 1119 1558 fuerit?
1138 1500 1185 1557 Ge.
1198 1497 1305 1582 Negata

425 1607 479 1694 Pl.
489 1607 568 1692 Qla
577 1626 663 1688 egena
674 1603 771 1664 relidla
782 1603 820 1662 est
830 1600 939 1667 misera,
951 1597 1100 1678 ignoratur
1112 1608 1229 1676 parensa
1269 1589 1309 1654 ω’

425 1689 594 1781 Negligitur
604 1697 672 1777 ipsa.
694 1697 772 1767 nide3
787 1691 904 1754 avaritia
915 1690 985 1772 quid
998 1687 1082 1747 facit!

427 1795 474 1852 Ge.
486 1790 517 1852 'si
531 1793 630 1852 herum
644 1789 814 1852 infimulabia
829 1785 976 1855 auaritiae,
990 1782 1063 1841 male
1075 1776 1182 1841 audiet·

425 1883 480 1946 De.
492 1885 529 1944 Ov
537 1882 696 1944 audaciam!
713 1883 798 1942 etiam
810 1901 855 1941 me
866 1881 943 1940 ultro
954 1876 1113 1936 accusatum
1127 1861 1257 1935 advenit?¹

427 1983 482 2042 Pu
493 1982 568 2042 Nam
578 1983 639 2062 jam
653 1978 821 2042 adolescenti
834 1978 904 2060 nihil
915 1975 966 2056 est,
981 1967 1059 2053 quod
1071 1970 1254 2042 succenseam

427 2069 459 2138 Si
473 2076 553 2138 illurn
567 2073 658 2138 minus
672 2090 770 2137 rorata
793 2074 898 2154 quippe
910 2073 997 2157 homo
1006 2058 1067 2150 jam
1080 2067 1225 2152 grandior,
1270 2079 1306 2147 15

426 2167 549 2252 Pauper,
564 2170 610 2230 cui
624 2193 710 2250 opera
725 2169 784 2229 rita
795 2179 866 2238 erat,
877 2167 937 2226 ruri
946 2165 1005 2224 sere
1191 2175 1194 2180 “

428 2260 465 2328 Se
474 2261 652 2326 continebat:
669 2265 710 2324 ibi
724 2271 825 2346 agrum
839 2263 874 2321 de
884 2261 977 2320 nostro
988 2274 1069 2340 patre

426 2353 588 2421 Colendum
598 2355 732 2420 habebat.
753 2357 833 2437 saepe
847 2357 954 2416 interea
967 2341 1037 2416 mihi
1049 2353 1131 2414 seuere

427 2455 581 2528 Narrabat,
595 2457 622 2517 se
633 2458 708 2516 hunc
722 2452 867 2536 negligere
880 2462 1035 2534 cognatum
1048 2447 1144 2507 suurn:

426 2550 475 2610 Ae
488 2569 572 2628 quem
582 2549 687 2608 virum!
705 2555 788 2627 quern
803 2559 858 2629 ego
872 2541 989 2604 viderim
1002 2530 1032 2601 in
1045 2537 1102 2600 rita
1115 2531 1265 2620 optimnmc
1279 2556 1288 2573 ⁸

428 2643 592 2704 Gavidear
611 2653 650 2714 te,
672 2649 759 2721 atque
779 2639 870 2712 illum,
892 2651 925 2698 ut
945 2646 1052 2695 narrare
1084 2633 1138 2694 Pu
1151 2632 1186 2693 sn
1203 2631 1308 2692 malam

549 2741 677 2798 erucem!
1267 2741 1303 2785 ιι

428 2833 505 2896 Nam
516 2835 545 2893 ni
559 2834 600 2894 ita
615 2855 678 2895 eum
687 2827 896 2896 ¹'enistnmasserm
907 2840 1062 2901 numquam
1074 2830 1134 2905 tem
1144 2832 1244 2901 gravet
1311 2837 1315 2842 ’

429 2929 479 2989 Ob
489 2929 561 2988 hene
572 2925 733 2987 inimicitiae
747 2944 876 3004 caperem
889 2921 918 2980 in
933 2917 1053 2978 nostram
1064 2912 1212 2986 familiam,

426 3016 525 3110 Qum
538 3022 561 3081 ia
576 3022 738 3100 aspernatur
747 3038 820 3078 nunc
831 3031 889 3074 tam
900 3005 1084 3072 illiberaliter.

429 3117 477 3176 Ge.
487 3115 603 3199 Pergin’
613 3117 682 3174 hero
696 3111 802 3172 absenti
813 3108 885 3168 male
898 3104 989 3186 loqui,
1003 3101 1199 3182 impuriffime?
1240 3156 1243 3163 ,
1267 3115 1306 3180 15

429 3213 484 3272 Ph.
494 3209 626 3292 Dignum
641 3221 735 3271 autem
748 3208 803 3265 hoe
813 3204 863 3264 illo
876 3203 924 3262 est.
948 3200 996 3258 Ge.
1006 3198 1081 3257 nie
1090 3197 1222 3257 tandem?
1234 3196 1307 3256 Car·

550 3307 612 3362 cer!
636 3299 690 3363 De.
701 3301 788 3362 Geta.

429 3397 478 3457 Ge.
490 3396 634 3456 Bonorum
645 3407 784 3464 extortor,
798 3382 896 3473 legum
908 3401 1064 3448 contortor.
1087 3387 1141 3449 De.
1152 3387 1241 3447 Geta.

431 3497 484 3555 Pb.
493 3493 651 3573 Responde.
665 3485 806 3576 daQir
817 3487 902 3545 homo
912 3483 970 3542 est?
982 3483 1078 3541 ehem!
1095 3481 1149 3541 De.
1159 3481 1310 3554 Tace-Ge,

552 3584 677 3644 Absenti
690 3583 745 3643 tibi

430 3683 476 3743 Te
487 3683 629 3768 indignas,
644 3681 727 3760 seque
738 3679 839 3762 dignae
851 3672 1035 3736 contumeliae

428 3777 594 3858 Numquam
607 3777 717 3838 cessavit
730 3777 822 3838 dicere
835 3771 931 3832 hodie.
952 3771 1006 3829 De.
1018 3767 1099 3828 one!
1115 3767 1216 3827 denne.
1269 3787 1308 3846 30

428 3874 613 3944 Adolescens,
628 3874 751 3955 primum
761 3871 812 3932 aba
822 3883 852 3928 te
865 3866 919 3924 hoc
930 3866 1005 3924 bona
1014 3864 1095 3924 venia
1108 3877 1186 3944 peto,

429 3969 462 4030 Si
472 3968 527 4028 tibi
538 3967 649 4048 placere
659 3969 735 4048 potis
750 3966 799 4036 est,
812 3961 882 4022 milri
896 3971 929 4020 ut
942 3961 1124 4042 respondeuea

430 4065 528 4152 Qem
540 4061 662 4122 amicum
675 4075 757 4136 tuum
771 4057 812 4120 aie
825 4051 902 4114 tuido
917 4051 1016 4113 istum?
1028 4050 1146 4131 explana
1159 4047 1249 4110 miliia
1315 4043 1318 4046 ⁴
1363 4076 1365 4079 ·
