3700 5259
545 793 578 846 34
824 766 1152 829 nunni.

547 881 652 943 Videre
665 882 744 943 aitte
754 902 865 961 cupere.
897 884 953 943 Pa.
960 882 1041 942 veh!
1062 882 1149 962 periit
1168 882 1223 942 hoc
1234 884 1342 947 malum
1355 887 1428 949 inte.

672 978 788 1061 gralclt.
1161 1022 1165 1031 ·
1411 1004 1428 1063 5

550 1071 659 1131 Siccine
672 1084 811 1150 meatque
824 1069 902 1130 illum
915 1092 1001 1153 opera
1014 1086 1065 1131 tua
1079 1092 1152 1131 nunc
1165 1070 1278 1133 miseros
1292 1072 1428 1137 sollicita.

550 1261 624 1321 Nam
638 1188 742 1321 idllilo
756 1257 882 1334 arceil'or,
897 1261 1009 1341 nuptiae
1020 1214 1098 1341 quocl
1107 1216 1321 1340 mihi-adparari
1335 1263 1428 1325 senfit.

551 1356 600 1416 cl.
609 1354 724 1441 Qibuu
740 1354 854 1432 quidem
866 1376 954 1435 quam
970 1356 1052 1415 facile
1066 1368 1198 1437 potuerat
1209 1338 1326 1433 quilesci,
1345 1358 1366 1415 ll
1380 1356 1427 1415 bic
1555 1420 1556 1423 Ἴ

649 1490 653 1500 -
673 1448 798 1528 quiell'et.
987 1517 989 1521 ,

551 1531 609 1603 Do.
621 1542 701 1625 Age,
719 1544 741 1601 fi
760 1543 883 1601 hicnon
907 1542 1008 1601 insanit
1028 1541 1093 1601 latis
1114 1540 1163 1601 sua
1181 1540 1290 1623 sponte,
1313 1542 1425 1627 instiga.

672 1640 735 1715 Myc
747 1639 848 1717 Atque
862 1638 990 1717 aedepol,

464 1769 467 1773 -
551 1732 596 1792 Ea
608 1754 653 1792 ren
667 1734 721 1803 est3
745 1745 951 1811 proptereaque
972 1750 1045 1790 nunc
1066 1730 1164 1791 misera
1184 1730 1214 1791 iu
1230 1752 1358 1793 moerore
1378 1734 1427 1793 est.

673 1830 728 1887 Pa.
741 1824 840 1903 Mysis,
1389 1844 1429 1885 ιο

544 1924 606 1983 'Per
618 1944 713 1983 omnen
727 1923 780 1981 tibi
794 1926 892 2003 adjuro
906 1922 997 1993 Deos,
1012 1940 1155 1999 nunquam
1168 1938 1229 1979 eam
1243 1940 1287 1979 me
1300 1920 1425 1979 desertu-

668 2039 750 2077 sum:

550 2108 628 2180 Non,
649 2113 668 2168 li
687 2112 841 2189 capiundos
855 2110 924 2169 mihi
939 2108 1022 2169 sciam
1041 2108 1091 2169 elle
1104 2108 1231 2169 inimicos
1249 2108 1356 2169 omneis
1371 2109 1427 2169 ho·
1552 2109 1553 2113 ’

674 2227 786 2265 mines..

550 2298 714 2371 Hancmihi
720 2300 852 2383 expetivi,
862 2300 1000 2384 contigiee
1012 2298 1179 2361 conveniunt
1187 2320 1287 2358 mores.
1303 2298 1427 2371 valeant,

549 2394 610 2481 Qi
621 2396 694 2456 inter
704 2419 754 2457 nos
764 2397 911 2457 discidium
919 2394 1027 2455 volunt.
1049 2396 1132 2466 hanc,
1143 2393 1192 2455 nisu
1201 2393 1366 2466 mornmihi
1374 2394 1428 2453 ad·

672 2506 740 2551 unet
754 2514 845 2552 nemo.
1003 2536 1005 2541 .

552 2582 601 2644 Cb.
617 2583 767 2663 Refipilco.
799 2590 856 2646 Pa.
872 2585 939 2645 Non
953 2584 1098 2665 Apollinis
1113 2584 1204 2669 magis
1220 2604 1327 2655 venun,
1341 2598 1430 2663 atque

568 2676 571 2679 ⁴
609 2697 612 2701 ⁴
671 2680 726 2739 hoc
737 2680 894 2760 responsum
905 2680 953 2739 est.
1332 2706 1333 2709 ¹
1391 2700 1428 2761 15

550 2772 581 2833 Si
595 2776 702 2854 poterit
714 2775 785 2846 fieri,
796 2788 829 2834 ut
843 2797 876 2833 ne
889 2788 971 2854 pater
984 2798 1035 2856 per
1048 2800 1092 2837 me
1105 2776 1202 2838 stetill'e
1215 2778 1322 2847 credat,

547 2871 617 2956 Qu
626 2873 717 2934 minue
725 2874 883 2933 haelierent
894 2872 1019 2953 nuptiae,
1027 2874 1108 2933 voloe
1124 2873 1198 2933 sedfi
1207 2874 1237 2933 id
1244 2894 1300 2933 non
1308 2870 1427 2955 poterit,

547 2964 587 3023 ld
599 2966 712 3041 faciam,
722 2969 751 3029 in
761 2968 880 3049 proclivi
893 2970 972 3045 quod
982 2968 1031 3038 est,
1042 2990 1092 3047 per
1101 2990 1145 3028 me
1155 2966 1262 3037 stetiffe,
1277 2982 1309 3028 ut
1318 2970 1426 3027 credat.
1554 2984 1557 3003 ‘¹

548 3059 749 3143 Qinvideor'?
769 3064 911 3126 &Miser
921 3083 1020 3142 aeque,
1029 3078 1114 3145 atque
1123 3084 1187 3147 ego.
1208 3062 1428 3123 Da.Confilium

671 3157 786 3236 quaero.
808 3160 856 3221 Ch.
869 3160 975 3221 Fortis.

550 3247 606 3305 Pa.
617 3248 683 3309 Scio
697 3250 768 3329 quid
780 3273 888 3311 conere.
917 3251 976 3311 Da.
989 3249 1125 3333 Hoc'ego
1135 3248 1189 3309 tibi
1203 3248 1331 3329 prufeeio
1342 3248 1423 3307 effec-

671 3361 732 3408 tum
746 3352 870 3411 reddam.
1388 3364 1428 3406 20

549 3440 605 3498 Pa.
614 3440 678 3517 Jam
687 3444 820 3526 hocopus
831 3446 878 3504 est.
893 3445 952 3505 Da.
961 3444 1105 3531 Qinjam
1113 3440 1213 3501 habeo.
1231 3430 1427 3524 CuQiidest?

670 3535 730 3598 Da.
742 3536 833 3609 Huic,
848 3560 902 3596 non
913 3538 968 3597 tssni
978 3538 1080 3605 habeo,
1096 3557 1130 3595 ne
1141 3556 1225 3595 erres.
1346 3580 1350 3586 .

552 3629 600 3688 Ch.
611 3628 662 3688 Sat
676 3619 777 3691 habeo.
810 3636 865 3691 Pa.
876 3632 957 3717 Qid
970 3631 1074 3691 facies?
1094 3632 1172 3690 cedo.
1202 3630 1260 3689 Da.
1271 3627 1344 3688 Dies
1358 3628 1426 3689 mihi

669 3722 716 3783 hic
730 3738 763 3784 ut
775 3724 808 3784 fit
821 3724 887 3783 satis
900 3745 997 3783 vereor

547 3801 601 3874 'Ad'
618 3818 774 3897 agendum:
798 3839 833 3877 ne
849 3838 968 3877 vacuum
985 3816 1036 3877 elle
1056 3834 1099 3875 me
1121 3834 1194 3875 nunc
1207 3815 1244 3873 ud
1258 3809 1425 3875 narrandum

668 3913 774 3971 eredas.
1337 3910 1424 3987 [estis.

547 4003 670 4066 Proinde
690 3999 823 4067 linc‘vos
846 4004 1016 4067 amolimini:
1050 4028 1113 4069 nam
1136 4002 1205 4070 nih'i
1226 4004 1425 4087 impedimento
