3700 5259
565 803 614 860 rao
833 781 1203 848 nouenae

560 915 626 978 Ubi
635 935 690 974 non
705 909 769 982 erit,
783 911 894 971 sortasse
905 912 1070 975 excludetur
1077 910 1164 972 sorar.

563 1008 650 1070 Fores
659 1007 786 1090 effregit?
806 1006 994 1067 restituentur.
1016 1008 1129 1068 discidit

463 1111 468 1118 '
561 1103 690 1162 Vestem?
709 1099 881 1161 resarcietur.
903 1103 954 1172 est,
968 1103 1026 1162 Dra
1036 1101 1142 1185 gratia,

562 1199 603 1262 Et
616 1199 690 1258 unde
700 1199 769 1256 haec
783 1199 863 1268 fiant,
874 1212 902 1258 et
916 1199 1009 1259 adhuc
1020 1217 1075 1259 non
1090 1195 1205 1258 molesta
1218 1194 1292 1254 sunt.

561 1293 716 1360 Postremo,
727 1305 776 1352 aut
783 1291 885 1362 desine,
899 1307 950 1352 aut
962 1295 1033 1353 cedo
1043 1291 1169 1372 quemvis
1179 1288 1334 1348 arbitrumr

561 1385 607 1450 Te
620 1386 701 1466 plura
712 1387 740 1446 in
751 1389 805 1446 hac
818 1409 848 1448 re
856 1409 973 1468 peccare
983 1391 1134 1450 ostendam.
1157 1387 1212 1446 Dr·
1225 1382 1286 1444 Hei
1299 1379 1386 1442 mihi!

561 1479 647 1542 Pater
659 1480 711 1540 esse
722 1480 795 1540 disce
809 1481 844 1540 ab
859 1481 932 1552 aliia,
946 1483 1070 1560 quivere
1084 1480 1184 1539 sciuntr
1402 1486 1444 1553 45

560 1579 621 1638 Mi.
632 1577 743 1638 Natura
757 1573 842 1638 arilli
856 1591 938 1658 pater
949 1598 990 1648 err,
1004 1577 1123 1636 confiliir
1132 1597 1198 1657 ego.

561 1675 616 1734 De,
627 1673 831 1734 Tun'consulia
843 1674 1017 1752 quidquam?
1036 1674 1096 1732 Mn
1106 1671 1173 1730 Ah!
1190 1666 1324 1751 sipergis,
1335 1666 1443 1726 abiero.

459 1818 466 1848 χ,
562 1765 823 1849 DaSiccineagis?
843 1764 1117 1848 MnAnegototier
1125 1766 1160 1822 de
1168 1764 1265 1822 eadem
1273 1783 1304 1820 re
1312 1758 1445 1820 audiam?

562 1866 618 1926 De.
629 1864 721 1924 Curae
727 1864 764 1922 ess
771 1861 849 1921 mihi.
865 1864 923 1922 Mir
932 1860 1190 1937 Etmihicuraeest.
1205 1879 1313 1930 verum,
1320 1858 1445 1928 Demea,

560 1960 698 2018 Curemus
708 1979 826 2036 aequam
836 1972 956 2034 uterque
969 1973 1095 2036 partemr
1117 1971 1150 2016 tu
1158 1957 1288 2026 alterum,
1402 1973 1445 2032 50

562 2055 630 2136 Ego
641 2053 709 2112 item
720 2054 848 2114 aiterum.
870 2075 935 2112 nam
948 2055 1046 2112 ambos
1054 2073 1161 2124 curare,
1171 2053 1377 2131 propemodum

564 2148 721 2228 Reposcere
735 2147 872 2220 illumest,
887 2165 971 2228 quem
979 2144 1087 2208 dedisti.
1110 2144 1242 2207 De.Ah!
1266 2144 1368 2205 Micior

561 2245 622 2306 Mi.
629 2243 704 2302 Mihi
716 2244 884 2304 srovidetur.
907 2241 961 2304 De.
971 2243 1053 2329 Qid
1060 2242 1145 2302 issue?
1158 2238 1213 2300 ribi
1222 2238 1242 2297 si
1251 2239 1320 2298 istuc
1330 2231 1442 2319 placet}

561 2339 975 2420 Profundat,perdat,pereat!
999 2337 1069 2396 nihil
1078 2337 1115 2394 ad
1128 2352 1172 2393 me
1185 2333 1299 2392 attinet.
1393 2369 1398 2380 ·

560 2437 623 2512 Jam
637 2435 656 2492 sr
669 2435 785 2494 verbum
797 2457 883 2494 unum
893 2433 1018 2513 posthac.
1041 2432 1100 2490 Mi.
1114 2427 1247 2498 Rursum,
1257 2427 1379 2498 Demea,
1402 2446 1418 2508 ς
1421 2442 1439 2504 5

561 2531 701 2592 Irascere?
721 2533 774 2590 Dr.
784 2532 834 2590 An
847 2553 902 2590 non
917 2530 1025 2590 credie?
1043 2529 1171 2608 repeton’
1186 2545 1269 2604 quem
1277 2524 1362 2584 dedi?

559 2625 661 2707 Aegre
673 2625 719 2687 .'st:
739 2627 844 2686 alienus
859 2625 993 2684 nonsum.
1015 2623 1141 2681 fiobsto:
1160 2621 1240 2678 hem!
1263 2619 1367 2679 defluo·
1457 2613 1469 2642 ⁴·

560 2722 658 2780 Unum
669 2718 709 2778 vis
720 2741 825 2790 curem,
837 2737 920 2780 curo:
941 2736 971 2778 et
983 2719 1021 2779 est
1031 2719 1088 2778 Dn
1102 2717 1207 2799 gratia,

559 2815 658 2898 Qum
667 2811 719 2883 ita,
733 2827 765 2872 ut
776 2813 851 2886 volo,
866 2813 913 2872 est.
935 2813 984 2871 iste
994 2829 1072 2882 tuus,
1087 2810 1144 2890 ipse
1159 2808 1259 2869 sentiet

473 2917 476 2920 ’
511 2925 514 2929 ’
560 2905 710 2968 Posterius.
732 2908 797 2966 nolo
807 2907 836 2966 in
847 2909 927 2968 illum
936 2907 1049 2990 gravina
1062 2904 1165 2966 dicere,
1399 2905 1439 2964 60

561 3003 619 3060 Mi.
630 3002 690 3058 Nec
699 3001 778 3072 nihil,
793 3025 882 3080 neque
893 3001 987 3060 omnia
995 3004 1063 3060 haec
1071 3002 1145 3071 sunt,
1157 3018 1229 3080 quae
1237 2999 1323 3071 dicim
1345 3013 1437 3060 tamen

560 3093 698 3152 Nonnihil
707 3097 818 3154 molesta
832 3097 847 3154 s
846 3111 895 3155 unt
909 3097 978 3154 haec
989 3097 1076 3156 mihi:
1099 3097 1146 3155 sed
1158 3097 1311 3167 ostendere,

560 3185 611 3246 Me
627 3206 710 3266 aegre
721 3189 792 3266 pati,
807 3189 848 3249 illi
863 3191 956 3250 noluir
980 3214 1044 3251 nam
1058 3187 1098 3251 ita
1107 3193 1140 3250 'st
1153 3193 1239 3250 homo
1245 3213 1255 3262 ι

539 3329 541 3335 ,
560 3283 658 3368 Qum
669 3279 762 3360 placo,
776 3284 1020 3356 advorsorsedulo,
1033 3302 1062 3346 et
1071 3289 1213 3346 deterreor

560 3376 670 3436 Tamen
683 3377 730 3467 vix
744 3378 864 3438 humane
880 3381 1006 3458 patitur:
1028 3397 1123 3442 verum
1137 3384 1310 3463 fiarrgeam,
1401 3382 1437 3461 65

560 3471 626 3532 Ant
640 3471 724 3530 etiarn
736 3473 847 3551 adjutor
861 3473 910 3532 sun
921 3477 980 3552 ejus
995 3476 1165 3544 iracundiae,

562 3567 700 3624 Insaniam
713 3566 840 3644 professo
850 3588 914 3624 cum
926 3567 985 3626 illo.
1007 3571 1055 3627 etsr
1071 3569 1230 3627 Aeschinus

560 3661 732 3719 Nonnullam
744 3661 772 3718 in
787 3661 839 3718 hac
849 3675 878 3719 re
890 3662 971 3720 nobis
981 3663 1050 3724 facit
1063 3654 1203 3744 injuriam,

560 3755 656 3839 Qum
665 3753 711 3812 hic
720 3775 774 3810 non
789 3753 891 3814 amavit
903 3757 1094 3817 meretricem?
1112 3770 1163 3817 aut
1176 3757 1222 3817 cui
1233 3777 1288 3818 non
1299 3759 1379 3820 dedit

487 3869 491 3877 ¹
560 3843 871 3926 Aliquidipostrerno,
886 3870 985 3926 nuper,
994 3852 1089 3918 credo,
1098 3852 1158 3928 jam
1172 3852 1298 3911 omnium
1400 3868 1436 3925 70
1542 3838 1543 3845 ἵ

561 3937 720 4009 Taedebat,
730 3941 803 4000 dixit
814 3941 882 4014 velle
895 3959 1010 4002 uxorem
1024 3947 1134 4030 dueere.

536 4119 538 4124 Ι
561 4035 714 4116 Sperabam
723 4039 784 4114 jam
798 4035 938 4096 deservisse
950 4037 1174 4100 adolescentiam.
