3700 5259
580 818 1138 878 ACTUsln.scENA1.
1273 838 1307 892 η

421 930 485 1001 Da.
494 926 613 999 Praeter
622 937 701 1017 spem
710 934 818 995 evenit:
833 934 938 994 sentina
953 936 1008 995 hoc
1019 936 1092 997 male
1104 936 1303 1001 habetvin'am.

421 1039 468 1095 Si.
478 1034 576 1093 Potin'
589 1054 618 1091 ee
628 1032 700 1091 mihi
709 1044 804 1091 verum
811 1026 922 1089 dicere?
941 1030 1001 1089 Da·
1013 1029 1093 1089 Nihil
1103 1030 1223 1093 facilius.

421 1134 469 1190 Si.
480 1130 560 1189 Num
570 1130 612 1189 illi
621 1128 752 1188 molestae
762 1124 910 1205 quidpiam
917 1125 971 1184 hae
981 1124 1045 1185 sunt
1053 1125 1178 1207 nuptiae,

421 1229 550 1307 Propter
562 1220 675 1305 hujusce
683 1223 809 1303 hospitae
819 1220 1048 1281 consuetudinem
1055 1218 1073 1280 ἵ

422 1318 488 1385 Da.
500 1320 692 1381 Nssnilhencle.
706 1332 766 1388 aut,
780 1318 800 1376 fi
811 1318 893 1388 adeo,
900 1316 981 1377 bidui
992 1316 1030 1377 est
1038 1330 1088 1377 aut
1097 1316 1185 1377 tridui

424 1417 514 1477 Haec
523 1416 692 1476 sollicitudo.
706 1413 795 1473 nosti?
807 1412 909 1471 deinde
916 1414 1031 1471 definetc
1272 1428 1310 1477 ιο

424 1514 546 1573 Etenim
554 1513 629 1593 ipsun
638 1513 731 1572 secum
739 1532 801 1569 eam
809 1530 869 1568 rem
878 1510 954 1568 rema
965 1506 1107 1588 reputavit
1117 1507 1170 1567 via.

425 1611 471 1669 Si.
483 1610 598 1668 Laudo.
608 1609 667 1667 Da.
678 1606 760 1665 Dum
771 1605 881 1664 licitum
890 1606 929 1665 est
939 1605 975 1675 cI,
986 1608 1110 1685 dumque
1121 1620 1199 1666 aetas
1208 1608 1287 1679 tulit,

425 1702 565 1763 Amavit:
580 1716 643 1761 tum
656 1700 687 1759 id
699 1699 789 1760 clam:
805 1692 891 1769 cavit,'
900 1720 934 1757 ne
948 1720 1072 1779 unquam
1083 1700 1213 1761 infamiae

338 1842 348 1853 ,
426 1797 474 1860 Ea
487 1821 533 1857 res
542 1798 594 1857 fibi
603 1798 678 1867 effet,
692 1811 726 1856 ut
738 1795 829 1855 virum
842 1794 946 1856 fortem
959 1800 1049 1857 decet.

425 1895 514 1954 Nunc
524 1915 612 1953 uxore
625 1912 698 1972 opna
709 1892 762 1951 esta
778 1892 902 1950 animum
912 1896 950 1953 nd
960 1912 1077 1953 uxorem
1091 1893 1212 1973 adp'nlit.
1274 1910 1309 1975 15

426 1996 471 2053 Si.
482 1990 631 2051 Subtristis
644 1988 717 2047 visua
730 1988 769 2046 est
782 1986 834 2045 effe
846 1987 1054 2077 aliquantulum
1068 1989 1148 2047 mihi.

426 2090 490 2148 Da.
497 2085 578 2145 Nihil
587 2097 705 2164 propter
713 2084 786 2142 hanc
793 2102 872 2141 rema
887 2083 935 2143 sed
945 2084 994 2156 est,
1003 2086 1082 2165 qnod
1089 2078 1228 2146 succenset
1236 2084 1301 2147 tibi·

427 2186 473 2245 Si.
484 2182 633 2271 Qidnam
641 2180 698 2241 est?
711 2179 771 2241 Da.
781 2178 893 2268 Buerile
904 2180 954 2239 est.
975 2183 1018 2241 Si.
1028 2180 1111 2268 Qid
1118 2178 1174 2243 est?
1187 2176 1246 2245 Da.
1257 2178 1311 2244 Ni·

552 2274 603 2335 hil.
633 2276 675 2336 Si.
686 2274 768 2361 Qin
778 2274 837 2345 dic,
847 2274 919 2353 quid
932 2276 988 2337 esti

426 2372 773 2453 Da.Ait,nimiumparce
780 2368 1011 2432 faceresumtnm.
1030 2368 1310 2435 Si.Mene?Da.Te.

425 2474 500 2543 Vix,
510 2471 615 2551 inquit,
629 2467 754 2531 drahmin
766 2466 804 2525 est
815 2462 967 2525 obsonatus
981 2466 1087 2524 decem.
1273 2484 1313 2526 ιο

428 2563 510 2629 Num
521 2566 583 2625 filio
596 2564 706 2625 videtur
717 2582 833 2623 uxorem
843 2560 927 2618 dere?

426 2666 538 2751 Qem,
553 2660 656 2739 inquit,
671 2654 708 2718 ad
721 2674 838 2717 coenam
852 2656 960 2715 vocabo
971 2672 1097 2713 meorum
1111 2654 1272 2735 aequalium

428 2756 607 2819 Potiflimum
620 2754 712 2814 nunc?
731 2766 771 2823 et,
782 2754 861 2831 quod
873 2751 1022 2811 dicendum
1032 2750 1079 2809 hic
1090 2752 1150 2821 fiet,

428 2852 480 2913 Tu
494 2872 612 2931 quoque
625 2868 760 2931 perparce
771 2850 898 2908 nimium.
913 2870 969 2907 non
983 2848 1078 2907 laudo.
1105 2849 1146 2907 Si.
1157 2846 1245 2905 Tace.

428 2947 491 3007 Da.
502 2946 662 3006 commovi.
691 2948 733 3004 Si.
747 2942 813 3027 Ego
825 2940 916 3013 istaec,
927 2944 1002 3001 reeie
1013 2956 1045 3001 ut
1054 2942 1134 3010 fiant,
1147 2940 1252 3001 videro.
1273 2964 1289 3003 2
1293 2958 1311 3023 ς

364 3098 368 3107 .
428 3043 579 3131 Qidnam
590 3042 646 3101 hoc
659 3041 699 3099 rei
710 3040 766 3099 est?
779 3040 850 3119 qnid
863 3038 909 3097 hic
923 3036 983 3096 volt
997 3048 1139 3095 veterator
1152 3036 1223 3095 fibi?

429 3142 507 3201 Nam
517 3139 538 3197 fi
548 3137 595 3197 hic
605 3136 672 3197 mali
681 3136 719 3195 est
728 3134 893 3215 quicquam,
901 3135 966 3193 hem
976 3132 1033 3191 illic
1043 3132 1081 3192 est
1089 3132 1155 3192 huic
1165 3134 1205 3193 rei
1216 3150 1311 3217 caput.

457 3415 459 3422 '
575 3403 772 3467 ACTUS
808 3404 871 3463 ΙΙΙ.
923 3404 1116 3465 SCENA
1152 3406 1177 3463 1.

321 3550 325 3557 .
432 3516 559 3564 MYSIS.
583 3516 858 3563 s1M0.1)AVUS.
879 3516 1035 3564 LESBIA.
1060 3514 1315 3567 GLYCERIUM.
1367 3571 1370 3577 V

814 3612 938 3654 nensis.

342 3754 347 3762 ,
436 3690 546 3842 ITA
559 3689 609 3769 pol
623 3689 738 3769 quidem
752 3712 795 3749 rea
806 3691 855 3761 est,
870 3707 903 3750 ut
916 3691 1000 3761 dixti,
1015 3690 1141 3751 Lesbiae

498 3786 625 3846 fidelem
639 3788 716 3847 haud
729 3786 817 3845 ferme
830 3786 942 3845 mulieri
958 3786 1080 3845 invenias
1093 3786 1192 3845 virum.

434 3886 475 3943 Si.
489 3883 544 3941 Ab
551 3882 666 3941 Andria
679 3884 712 3942 'st
721 3882 822 3941 ancilla
833 3884 919 3941 haec?
933 3882 1004 3959 quid
1013 3882 1125 3941 narras?
1139 3882 1198 3941 Da.
1212 3880 1257 3940 Ita
1266 3881 1313 3941 est·

434 3980 495 4059 My.
506 3979 566 4039 Sed
585 3978 632 4037 hic
651 3977 827 4059 Pamphilus.
864 3978 906 4035 Si.
920 3974 1003 4060 Qid
1022 3974 1110 4035 dicit?
1132 3976 1193 4053 My.
1205 3973 1314 4035 Firma·

556 4075 598 4134 vit
612 4076 705 4134 fidem.
735 4078 777 4135 Si.
794 4072 884 4132 Hem.
