3700 5259
570 809 621 872 tto
828 807 1195 870 Annnnnn

572 920 626 979 He.
639 918 706 988 Sed,
719 905 839 985 Demea,
854 917 908 990 hoc
922 930 956 978 tu
968 915 1071 977 facito:
1093 938 1159 990 cnm
1172 917 1265 978 animo
1275 910 1397 1004 cogitio,
1410 942 1456 1007 55

571 1017 668 1097 Qam
679 1037 726 1074 roo
742 1015 873 1074 facillime
887 1014 990 1098 agitio:
1012 1034 1098 1090 quam
1112 1012 1174 1072 estio
1187 1033 1315 1076 maxume

571 1111 715 1182 Potentes,
724 1112 807 1181 dites,
818 1109 967 1180 fortunati,
978 1107 1103 1169 nobiles:

571 1203 646 1264 Tam
660 1221 787 1264 maxume
800 1225 850 1262 vos
864 1214 955 1282 aequo
966 1203 1061 1262 animo
1071 1225 1161 1282 aequa
1175 1204 1286 1266 noscere

570 1287 705 1378 Oportet,
717 1299 736 1356 fi
750 1320 798 1358 vos
812 1297 895 1358 voltis
905 1297 1048 1376 perhiberi
1060 1299 1176 1376 probos.

568 1393 622 1452 De.
634 1395 754 1454 Redito:
776 1396 855 1464 fient,
870 1413 943 1472 quae
956 1391 1017 1450 fieri
1030 1412 1151 1469 aequum
1163 1382 1206 1463 'sta
1220 1393 1324 1452 omnint
1407 1368 1451 1456 60

567 1490 621 1546 He.
634 1490 726 1550 Deeet
739 1505 767 1550 te
777 1491 877 1550 facere.
899 1490 988 1557 Geta,
1001 1489 1056 1546 duc
1069 1508 1113 1546 me
1127 1487 1204 1546 intro
1217 1489 1255 1548 ad
1268 1490 1434 1561 Sostratam.

567 1582 621 1640 De.
634 1584 699 1642 Non
714 1607 758 1644 me
767 1585 906 1646 indicente
917 1583 986 1642 haec
996 1583 1082 1640 fiunti
1103 1579 1211 1641 utinam
1224 1584 1280 1642 hoc
1292 1584 1326 1642 fit
1340 1586 1428 1644 modo

566 1677 758 1738 Defundium!
781 1698 875 1736 vetum
886 1675 971 1734 nimia
978 1673 1059 1732 illaec
1073 1671 1186 1731 licentia

566 1763 697 1834 Profedio
711 1776 809 1834 evadet
822 1772 850 1830 in
864 1771 982 1848 ¹aliquod
991 1789 1126 1850 magnum
1136 1767 1251 1827 malum.

567 1871 631 1944 Ibo,
646 1892 678 1930 ac
691 1870 832 1952 requiram
845 1867 971 1936 fratrem,
984 1880 1018 1925 ut
1031 1866 1060 1930 iu
1070 1887 1135 1924 eum
1148 1865 1217 1924 haec
1230 1885 1366 1924 evomam·
1401 1863 1441 1945 65

697 2019 894 2118 Aenos
931 2017 1228 2120 nitentior
1261 2021 1299 2085 v.

928 2149 1075 2202 HEGIO.

563 2233 678 2303 BONO
690 2245 782 2304 animo
793 2242 837 2301 fac
847 2243 892 2312 fis,
908 2241 1048 2312 Sostrata;
1070 2255 1099 2301 et
1108 2229 1199 2310 istam,
1214 2235 1293 2318 quod
1303 2252 1398 2317 poten,

562 2338 774 2418 Facconsolere.
795 2359 849 2420 ego
864 2328 1028 2406 Micionem,
1042 2337 1062 2395 fi
1076 2339 1152 2416 apud
1159 2336 1254 2396 forum
1262 2337 1307 2406 Ἢ,

560 2433 746 2495 Conveniam:
769 2448 865 2512 atque,
878 2445 965 2490 utres
978 2431 1055 2514 gesta
1069 2433 1117 2503 est,
1128 2432 1249 2492 narrabo
1258 2429 1366 2492 ordine.

560 2530 591 2589 Si
603 2531 651 2600 est,
665 2530 788 2590 intimus
803 2543 835 2588 ut
843 2529 876 2587 iit
887 2527 1011 2586 officium
1020 2527 1111 2598 suum,

559 2615 672 2702 ¹Faciat:
694 2624 732 2682 sm
743 2623 824 2682 aliter
837 2625 871 2704 de
885 2623 938 2680 hac
948 2623 1097 2703 reestejue
1111 2622 1257 2694 sententia,
1412 2641 1431 2700 5

559 2719 737 2798 Respondent
745 2716 828 2777 mihi:
852 2732 894 2788 nt,
909 2716 1083 2800 quidagam‚
1096 2717 1314 2797 quamprimum
1324 2715 1419 2783 sciam,

662 2985 883 3048 Aenus
926 2961 1249 3060 moceria
1291 2983 1317 3041 1.

782 3109 1014 3158 CTESIPHO.
1047 3107 1194 3155 SYRUS.

891 3219 1089 3258 cristino.
1189 3245 1192 3249 -
1448 3230 1451 3238 ·

640 3295 706 3366 IN’,
718 3308 826 3374 patrem
843 3294 909 3352 hinc
919 3295 1002 3354 abiise
1014 3298 1079 3356 rus?
1098 3299 1144 3377 Sy.
1158 3299 1223 3374 Jam
1231 3298 1349 3359 dudum.
1380 3301 1433 3362 Cle

658 3390 717 3450 Dic
730 3389 818 3448 sodes.
840 3389 885 3464 Sy.
897 3389 989 3468 Apud
1451 3452 1459 3470 ι,

550 3485 655 3546 Villam
669 3483 716 3544 est.
738 3501 810 3540 nunc
821 3501 885 3540 curn
899 3503 1027 3541 maxume
1040 3484 1132 3564 operia
1143 3486 1253 3565 aliquid
1263 3487 1425 3548 facerecre·
1478 3542 1483 3548 .

533 3615 535 3622 ι
670 3581 717 3638 do.
741 3579 785 3638 Ct.
797 3577 914 3636 Utinam
926 3579 1050 3656 quidem,

427 3737 436 3751 ⁴
548 3677 638 3761 Qod
647 3695 711 3746 enm
724 3672 812 3731 salute
826 3675 883 3751 eju'a
897 3673 959 3742 fiat,
972 3672 1012 3731 ita
1025 3673 1051 3731 ie
1063 3673 1239 3758 defatigarit,
1248 3676 1341 3749 velim,

548 3771 592 3830 Ut
606 3767 699 3826 triduo
708 3768 761 3824 hoc
770 3780 905 3844 perpetuo
916 3766 1042 3845 prorsum
1052 3790 1067 3828 e
1076 3769 1150 3830 letio
1164 3787 1285 3849 nequeat
1298 3773 1422 3856 surgere.

548 3865 593 3940 Sy.
605 3861 650 3919 Ita
661 3861 724 3918 fiat!
748 3873 776 3919 et
793 3861 870 3928 istoc,
885 3860 904 3918 fi
918 3860 989 3940 qnid
1001 3862 1077 3940 potis
1089 3865 1140 3934 est,
1159 3865 1272 3926 redint.
1300 3868 1346 3927 Ct.
1363 3870 1422 3928 Ita.

669 3975 733 4036 nam
742 3955 816 4012 hunc
826 3954 900 4014 diem
1325 3960 1421 4046 [geri.

545 4047 647 4110 Misere
662 4047 743 4110 nimie
754 4050 851 4130 popio,
866 4063 898 4109 ut
911 4050 1003 4131 coepi,
1019 4067 1187 4134 perpetuum
1197 4054 1226 4116 in
1242 4054 1351 4117 laetitia
1368 4060 1419 4118 de-
