<?xml version="1.0" encoding="UTF-8"?>
<!DOCTYPE html PUBLIC "-//W3C//DTD XHTML 1.0 Transitional//EN"
    "http://www.w3.org/TR/xhtml1/DTD/xhtml1-transitional.dtd">
<html xmlns="http://www.w3.org/1999/xhtml" xml:lang="en" lang="en">
 <head>
  <title>
</title>
<meta http-equiv="Content-Type" content="text/html;charset=utf-8" />
  <meta name='ocr-system' content='tesseract 3.04.00' />
  <meta name='ocr-capabilities' content='ocr_page ocr_carea ocr_par ocr_line ocrx_word'/>
</head>
<body>
  <div class='ocr_page' id='page_1' title='image "./publiiterentiia02teregoog_0019.png"; bbox 0 0 3700 5259; ppageno 0'>
   <div class='ocr_carea' id='block_1_1' title="bbox 622 816 1334 885">
    <p class='ocr_par' dir='ltr' id='par_1_1' title="bbox 622 816 1334 885">
     <span class='ocr_line' id='line_1_1' title="bbox 622 816 1334 885; baseline 0.013 -20"><span class='ocrx_word' id='word_1_1' title='bbox 622 816 1131 871; x_wconf 76' lang='lat' dir='ltr'>ACTU81.8CENA1.</span> <span class='ocrx_word' id='word_1_2' title='bbox 1318 836 1334 885; x_wconf 85' lang='lat'><strong>9</strong></span> 
     </span>
    </p>
   </div>
   <div class='ocr_carea' id='block_1_2' title="bbox 330 924 1331 2705">
    <p class='ocr_par' dir='ltr' id='par_1_2' title="bbox 448 924 1331 1286">
     <span class='ocr_line' id='line_1_2' title="bbox 449 924 1145 1010; baseline 0.014 -30"><span class='ocrx_word' id='word_1_3' title='bbox 449 924 542 982; x_wconf 92' lang='lat' dir='ltr'>Adeo</span> <span class='ocrx_word' id='word_1_4' title='bbox 553 924 689 993; x_wconf 86' lang='lat' dir='ltr'>modesto,</span> <span class='ocrx_word' id='word_1_5' title='bbox 707 926 778 984; x_wconf 86' lang='lat' dir='ltr'>adeo</span> <span class='ocrx_word' id='word_1_6' title='bbox 791 926 913 997; x_wconf 86' lang='lat' dir='ltr'>venusto,</span> <span class='ocrx_word' id='word_1_7' title='bbox 929 941 959 985; x_wconf 88' lang='lat' dir='ltr'>ut</span> <span class='ocrx_word' id='word_1_8' title='bbox 975 928 1044 989; x_wconf 84' lang='lat' dir='ltr'>nihil</span> <span class='ocrx_word' id='word_1_9' title='bbox 1054 929 1145 1010; x_wconf 88' lang='lat' dir='ltr'>supra.</span> 
     </span>
     <span class='ocr_line' id='line_1_3' title="bbox 448 1018 1096 1102; baseline 0.009 -28"><span class='ocrx_word' id='word_1_10' title='bbox 448 1018 532 1102; x_wconf 82' lang='lat' dir='ltr'>Qia</span> <span class='ocrx_word' id='word_1_11' title='bbox 545 1031 606 1075; x_wconf 88' lang='lat' dir='ltr'>tum</span> <span class='ocrx_word' id='word_1_12' title='bbox 615 1018 684 1076; x_wconf 89' lang='lat' dir='ltr'>mihi</span> <span class='ocrx_word' id='word_1_13' title='bbox 695 1018 841 1077; x_wconf 85' lang='lat' dir='ltr'>lamentari</span> <span class='ocrx_word' id='word_1_14' title='bbox 850 1033 962 1099; x_wconf 86' lang='lat' dir='ltr'>praeter</span> <span class='ocrx_word' id='word_1_15' title='bbox 972 1034 1096 1081; x_wconf 81' lang='lat' dir='ltr'>caeterae</span> 
     </span>
     <span class='ocr_line' id='line_1_4' title="bbox 449 1111 1331 1195; baseline 0.012 -27"><span class='ocrx_word' id='word_1_16' title='bbox 449 1111 522 1169; x_wconf 88' lang='lat' dir='ltr'>Visa</span> <span class='ocrx_word' id='word_1_17' title='bbox 535 1111 589 1181; x_wconf 82' lang='lat' dir='ltr'>est3</span> <span class='ocrx_word' id='word_1_18' title='bbox 609 1126 639 1169; x_wconf 88' lang='lat' dir='ltr'>et</span> <span class='ocrx_word' id='word_1_19' title='bbox 648 1113 715 1191; x_wconf 88' lang='lat' dir='ltr'>quia</span> <span class='ocrx_word' id='word_1_20' title='bbox 724 1127 783 1172; x_wconf 86' lang='lat' dir='ltr'>erat</span> <span class='ocrx_word' id='word_1_21' title='bbox 792 1113 882 1173; x_wconf 85' lang='lat' dir='ltr'>forma</span> <span class='ocrx_word' id='word_1_22' title='bbox 894 1129 1007 1192; x_wconf 87' lang='lat' dir='ltr'>praeter</span> <span class='ocrx_word' id='word_1_23' title='bbox 1015 1129 1138 1177; x_wconf 82' lang='lat' dir='ltr'>caeteras</span> <span class='ocrx_word' id='word_1_24' title='bbox 1294 1136 1331 1195; x_wconf 87' lang='lat'>95</span> 
     </span>
     <span class='ocr_line' id='line_1_5' title="bbox 451 1204 1116 1286; baseline 0.011 -25"><span class='ocrx_word' id='word_1_25' title='bbox 451 1204 582 1263; x_wconf 85' lang='lat' dir='ltr'>Honesta</span> <span class='ocrx_word' id='word_1_26' title='bbox 592 1221 621 1263; x_wconf 88' lang='lat' dir='ltr'>et</span> <span class='ocrx_word' id='word_1_27' title='bbox 630 1207 755 1278; x_wconf 86' lang='lat' dir='ltr'>liberali;</span> <span class='ocrx_word' id='word_1_28' title='bbox 773 1208 877 1266; x_wconf 85' lang='lat' dir='ltr'><strong>accedo</strong></span> <span class='ocrx_word' id='word_1_29' title='bbox 887 1208 923 1265; x_wconf 85' lang='lat' dir='ltr'>ad</span> <span class='ocrx_word' id='word_1_30' title='bbox 936 1208 1116 1286; x_wconf 57' lang='lat' dir='ltr'>pedisequam</span> 
     </span>
    </p>

    <p class='ocr_par' dir='ltr' id='par_1_3' title="bbox 330 1299 1326 1851">
     <span class='ocr_line' id='line_1_6' title="bbox 330 1299 1169 1383; baseline 0.008 -29"><span class='ocrx_word' id='word_1_31' title='bbox 330 1308 338 1315; x_wconf 86' lang='grc'><em>“</em></span> <span class='ocrx_word' id='word_1_32' title='bbox 448 1300 539 1381; x_wconf 81' lang='lat' dir='ltr'>Qae</span> <span class='ocrx_word' id='word_1_33' title='bbox 552 1299 596 1370; x_wconf 85' lang='lat' dir='ltr'>fit,</span> <span class='ocrx_word' id='word_1_34' title='bbox 610 1323 691 1383; x_wconf 88' lang='lat' dir='ltr'>rogo.</span> <span class='ocrx_word' id='word_1_35' title='bbox 720 1300 842 1359; x_wconf 88' lang='lat' dir='ltr'>sororem</span> <span class='ocrx_word' id='word_1_36' title='bbox 856 1300 907 1358; x_wconf 84' lang='lat' dir='ltr'>esse</span> <span class='ocrx_word' id='word_1_37' title='bbox 921 1300 1000 1359; x_wconf 90' lang='lat' dir='ltr'>aiunt</span> <span class='ocrx_word' id='word_1_38' title='bbox 1014 1300 1169 1379; x_wconf 75' lang='lat' dir='ltr'>Chrysidis.</span> 
     </span>
     <span class='ocr_line' id='line_1_7' title="bbox 452 1392 1171 1459; baseline 0.013 -8"><span class='ocrx_word' id='word_1_39' title='bbox 452 1392 590 1455; x_wconf 78' lang='lat' dir='ltr'>Percussit</span> <span class='ocrx_word' id='word_1_40' title='bbox 604 1397 669 1455; x_wconf 92' lang='lat' dir='ltr'>ilico</span> <span class='ocrx_word' id='word_1_41' title='bbox 679 1397 819 1455; x_wconf 87' lang='lat' dir='ltr'>animum:</span> <span class='ocrx_word' id='word_1_42' title='bbox 841 1396 941 1455; x_wconf 85' lang='lat' dir='ltr'>Atat!</span> <span class='ocrx_word' id='word_1_43' title='bbox 965 1396 1019 1455; x_wconf 93' lang='lat' dir='ltr'>hoc</span> <span class='ocrx_word' id='word_1_44' title='bbox 1030 1396 1100 1458; x_wconf 89' lang='lat' dir='ltr'>illud</span> <span class='ocrx_word' id='word_1_45' title='bbox 1110 1393 1171 1459; x_wconf 81' lang='lat' dir='ltr'>est!¹</span> 
     </span>
     <span class='ocr_line' id='line_1_8' title="bbox 453 1486 1176 1551; baseline 0.007 -5"><span class='ocrx_word' id='word_1_46' title='bbox 453 1487 537 1547; x_wconf 86' lang='lat' dir='ltr'>Hinc</span> <span class='ocrx_word' id='word_1_47' title='bbox 551 1490 614 1549; x_wconf 89' lang='lat' dir='ltr'>illae</span> <span class='ocrx_word' id='word_1_48' title='bbox 628 1491 772 1549; x_wconf 86' lang='lat' dir='ltr'>lacrimae!</span> <span class='ocrx_word' id='word_1_49' title='bbox 796 1490 864 1548; x_wconf 86' lang='lat' dir='ltr'>haec</span> <span class='ocrx_word' id='word_1_50' title='bbox 875 1486 924 1545; x_wconf 87' lang='lat' dir='ltr'>illa</span> <span class='ocrx_word' id='word_1_51' title='bbox 934 1488 965 1547; x_wconf 88' lang='lat' dir='ltr'>’st</span> <span class='ocrx_word' id='word_1_52' title='bbox 975 1489 1176 1551; x_wconf 84' lang='lat' dir='ltr'>misericordia!</span> 
     </span>
     <span class='ocr_line' id='line_1_9' title="bbox 455 1579 1300 1665; baseline 0.004 -25"><span class='ocrx_word' id='word_1_53' title='bbox 455 1583 505 1641; x_wconf 87' lang='lat' dir='ltr'>So.</span> <span class='ocrx_word' id='word_1_54' title='bbox 518 1582 615 1665; x_wconf 72' lang='lat' dir='ltr'>Quam</span> <span class='ocrx_word' id='word_1_55' title='bbox 629 1581 725 1651; x_wconf 88' lang='lat' dir='ltr'>timeo,</span> <span class='ocrx_word' id='word_1_56' title='bbox 737 1579 869 1659; x_wconf 81' lang='lat' dir='ltr'>quorsum</span> <span class='ocrx_word' id='word_1_57' title='bbox 884 1580 998 1638; x_wconf 83' lang='lat' dir='ltr'>evadas!</span> <span class='ocrx_word' id='word_1_58' title='bbox 1023 1582 1064 1639; x_wconf 90' lang='lat' dir='ltr'>Si.</span> <span class='ocrx_word' id='word_1_59' title='bbox 1082 1582 1175 1642; x_wconf 87' lang='lat' dir='ltr'>Funus</span> <span class='ocrx_word' id='word_1_60' title='bbox 1190 1582 1300 1643; x_wconf 78' lang='lat' dir='ltr'>interim</span> 
     </span>
     <span class='ocr_line' id='line_1_10' title="bbox 452 1672 1326 1753; baseline 0.005 -20"><span class='ocrx_word' id='word_1_61' title='bbox 452 1675 603 1734; x_wconf 81' lang='lat' dir='ltr'><strong>Procedit:</strong></span> <span class='ocrx_word' id='word_1_62' title='bbox 619 1674 775 1753; x_wconf 81' lang='lat' dir='ltr'>sequimur:</span> <span class='ocrx_word' id='word_1_63' title='bbox 791 1675 828 1731; x_wconf 85' lang='lat' dir='ltr'>ad</span> <span class='ocrx_word' id='word_1_64' title='bbox 842 1672 997 1751; x_wconf 84' lang='lat' dir='ltr'>sepulcrum</span> <span class='ocrx_word' id='word_1_65' title='bbox 1006 1674 1146 1736; x_wconf 84' lang='lat' dir='ltr'>venimus:</span> <span class='ocrx_word' id='word_1_66' title='bbox 1274 1696 1326 1737; x_wconf 91' lang='lat'>101</span> 
     </span>
     <span class='ocr_line' id='line_1_11' title="bbox 452 1766 1230 1851; baseline 0.004 -24"><span class='ocrx_word' id='word_1_67' title='bbox 452 1770 493 1827; x_wconf 90' lang='lat' dir='ltr'>In</span> <span class='ocrx_word' id='word_1_68' title='bbox 503 1768 598 1851; x_wconf 87' lang='lat' dir='ltr'>ignem</span> <span class='ocrx_word' id='word_1_69' title='bbox 606 1769 734 1849; x_wconf 86' lang='lat' dir='ltr'>impofita</span> <span class='ocrx_word' id='word_1_70' title='bbox 745 1766 793 1826; x_wconf 75' lang='lat' dir='ltr'>&#39;ste</span> <span class='ocrx_word' id='word_1_71' title='bbox 816 1767 908 1824; x_wconf 87' lang='lat' dir='ltr'>fletur.</span> <span class='ocrx_word' id='word_1_72' title='bbox 933 1766 1043 1825; x_wconf 85' lang='lat' dir='ltr'>Interea</span> <span class='ocrx_word' id='word_1_73' title='bbox 1058 1768 1127 1827; x_wconf 86' lang='lat' dir='ltr'>haec</span> <span class='ocrx_word' id='word_1_74' title='bbox 1141 1771 1230 1843; x_wconf 89' lang='lat' dir='ltr'>soror,</span> 
     </span>
    </p>

    <p class='ocr_par' dir='ltr' id='par_1_4' title="bbox 406 1860 1183 1949">
     <span class='ocr_line' id='line_1_12' title="bbox 406 1860 1183 1949; baseline 0.003 -28"><span class='ocrx_word' id='word_1_75' title='bbox 406 1930 414 1939; x_wconf 35' lang='lat'><strong><em>¹</em></strong></span> <span class='ocrx_word' id='word_1_76' title='bbox 447 1865 552 1949; x_wconf 80' lang='lat' dir='ltr'>Qam</span> <span class='ocrx_word' id='word_1_77' title='bbox 564 1863 634 1933; x_wconf 82' lang='lat' dir='ltr'>dixi,</span> <span class='ocrx_word' id='word_1_78' title='bbox 645 1865 681 1922; x_wconf 89' lang='lat' dir='ltr'>ad</span> <span class='ocrx_word' id='word_1_79' title='bbox 691 1865 832 1921; x_wconf 83' lang='lat' dir='ltr'>flammam</span> <span class='ocrx_word' id='word_1_80' title='bbox 846 1860 954 1919; x_wconf 88' lang='lat' dir='ltr'>acceffit</span> <span class='ocrx_word' id='word_1_81' title='bbox 968 1862 1183 1941; x_wconf 83' lang='lat' dir='ltr'>imprudentius,</span> 
     </span>
    </p>

    <p class='ocr_par' dir='ltr' id='par_1_5' title="bbox 449 1955 1328 2705">
     <span class='ocr_line' id='line_1_13' title="bbox 451 1955 1237 2039; baseline 0.005 -24"><span class='ocrx_word' id='word_1_82' title='bbox 451 1958 532 2016; x_wconf 89' lang='lat' dir='ltr'>Satis</span> <span class='ocrx_word' id='word_1_83' title='bbox 545 1956 739 2037; x_wconf 88' lang='lat' dir='ltr'>cumpericlo:</span> <span class='ocrx_word' id='word_1_84' title='bbox 762 1955 802 2015; x_wconf 92' lang='lat' dir='ltr'>ibi</span> <span class='ocrx_word' id='word_1_85' title='bbox 812 1970 874 2015; x_wconf 88' lang='lat' dir='ltr'>turn</span> <span class='ocrx_word' id='word_1_86' title='bbox 884 1956 1057 2016; x_wconf 83' lang='lat' dir='ltr'>exanimatus</span> <span class='ocrx_word' id='word_1_87' title='bbox 1073 1958 1237 2039; x_wconf 75' lang='lat' dir='ltr'>Pamphilus</span> 
     </span>
     <span class='ocr_line' id='line_1_14' title="bbox 451 2048 1328 2131; baseline 0 -20"><span class='ocrx_word' id='word_1_88' title='bbox 451 2052 533 2111; x_wconf 89' lang='lat' dir='ltr'>Bene</span> <span class='ocrx_word' id='word_1_89' title='bbox 543 2050 741 2110; x_wconf 74' lang='lat' dir='ltr'>dissimulatum</span> <span class='ocrx_word' id='word_1_90' title='bbox 753 2069 877 2107; x_wconf 87' lang='lat' dir='ltr'>amorem</span> <span class='ocrx_word' id='word_1_91' title='bbox 885 2062 914 2107; x_wconf 92' lang='lat' dir='ltr'>et</span> <span class='ocrx_word' id='word_1_92' title='bbox 927 2048 1048 2109; x_wconf 86' lang='lat' dir='ltr'>celatum</span> <span class='ocrx_word' id='word_1_93' title='bbox 1059 2050 1174 2111; x_wconf 84' lang='lat' dir='ltr'>indicat.</span> <span class='ocrx_word' id='word_1_94' title='bbox 1273 2070 1328 2131; x_wconf 80' lang='lat'>105</span> 
     </span>
     <span class='ocr_line' id='line_1_15' title="bbox 450 2145 1126 2224; baseline -0.001 -17"><span class='ocrx_word' id='word_1_95' title='bbox 450 2148 611 2207; x_wconf 76' lang='lat' dir='ltr'>Adcurrite</span> <span class='ocrx_word' id='word_1_96' title='bbox 632 2146 752 2205; x_wconf 87' lang='lat' dir='ltr'>mediam</span> <span class='ocrx_word' id='word_1_97' title='bbox 763 2145 906 2204; x_wconf 88' lang='lat' dir='ltr'>mulierem</span> <span class='ocrx_word' id='word_1_98' title='bbox 915 2145 1126 2224; x_wconf 69' lang='lat' dir='ltr'>compleditur:</span> 
     </span>
     <span class='ocr_line' id='line_1_16' title="bbox 450 2238 1311 2320; baseline -0.002 -19"><span class='ocrx_word' id='word_1_99' title='bbox 450 2242 523 2301; x_wconf 87' lang='lat' dir='ltr'>Mea</span> <span class='ocrx_word' id='word_1_100' title='bbox 532 2241 708 2320; x_wconf 81' lang='lat' dir='ltr'>Glycerium,</span> <span class='ocrx_word' id='word_1_101' title='bbox 722 2239 825 2317; x_wconf 90' lang='lat' dir='ltr'>inquit,</span> <span class='ocrx_word' id='word_1_102' title='bbox 840 2238 911 2317; x_wconf 89' lang='lat' dir='ltr'>quid</span> <span class='ocrx_word' id='word_1_103' title='bbox 923 2238 1003 2319; x_wconf 79' lang='lat' dir='ltr'>agis?</span> <span class='ocrx_word' id='word_1_104' title='bbox 1016 2253 1103 2299; x_wconf 87' lang='lat' dir='ltr'>curte</span> <span class='ocrx_word' id='word_1_105' title='bbox 1113 2239 1136 2298; x_wconf 86' lang='lat' dir='ltr'>is</span> <span class='ocrx_word' id='word_1_106' title='bbox 1151 2240 1311 2319; x_wconf 84' lang='lat' dir='ltr'>perditum?</span> 
     </span>
     <span class='ocr_line' id='line_1_17' title="bbox 450 2332 1188 2408; baseline -0.001 -12"><span class='ocrx_word' id='word_1_107' title='bbox 450 2337 533 2396; x_wconf 89' lang='lat' dir='ltr'>Tum</span> <span class='ocrx_word' id='word_1_108' title='bbox 542 2338 601 2408; x_wconf 88' lang='lat' dir='ltr'>illa,</span> <span class='ocrx_word' id='word_1_109' title='bbox 610 2352 642 2397; x_wconf 86' lang='lat' dir='ltr'>ut</span> <span class='ocrx_word' id='word_1_110' title='bbox 652 2338 813 2396; x_wconf 88' lang='lat' dir='ltr'>consuetum</span> <span class='ocrx_word' id='word_1_111' title='bbox 821 2332 903 2392; x_wconf 85' lang='lat' dir='ltr'>facile</span> <span class='ocrx_word' id='word_1_112' title='bbox 916 2355 1039 2393; x_wconf 88' lang='lat' dir='ltr'>amorem</span> <span class='ocrx_word' id='word_1_113' title='bbox 1052 2356 1188 2405; x_wconf 88' lang='lat' dir='ltr'>cerneres,</span> 
     </span>
     <span class='ocr_line' id='line_1_18' title="bbox 453 2426 1115 2511; baseline -0.005 -21"><span class='ocrx_word' id='word_1_114' title='bbox 453 2432 566 2511; x_wconf 87' lang='lat' dir='ltr'>Rejecit</span> <span class='ocrx_word' id='word_1_115' title='bbox 580 2432 606 2490; x_wconf 91' lang='lat' dir='ltr'>se</span> <span class='ocrx_word' id='word_1_116' title='bbox 617 2433 645 2490; x_wconf 94' lang='lat' dir='ltr'>in</span> <span class='ocrx_word' id='word_1_117' title='bbox 660 2454 733 2502; x_wconf 90' lang='lat' dir='ltr'>eum,</span> <span class='ocrx_word' id='word_1_118' title='bbox 743 2433 822 2499; x_wconf 87' lang='lat' dir='ltr'>flens,</span> <span class='ocrx_word' id='word_1_119' title='bbox 837 2449 923 2507; x_wconf 86' lang='lat' dir='ltr'>quam</span> <span class='ocrx_word' id='word_1_120' title='bbox 931 2426 1115 2487; x_wconf 86' lang='lat' dir='ltr'>familiariter.</span> 
     </span>
     <span class='ocr_line' id='line_1_19' title="bbox 451 2522 1326 2611; baseline 0.005 -27"><span class='ocrx_word' id='word_1_121' title='bbox 451 2529 501 2584; x_wconf 88' lang='lat' dir='ltr'>So.</span> <span class='ocrx_word' id='word_1_122' title='bbox 512 2526 656 2611; x_wconf 81' lang='lat' dir='ltr'>Qidais!</span> <span class='ocrx_word' id='word_1_123' title='bbox 680 2530 721 2585; x_wconf 82' lang='lat' dir='ltr'>Si.</span> <span class='ocrx_word' id='word_1_124' title='bbox 733 2526 829 2584; x_wconf 89' lang='lat' dir='ltr'>Redeo</span> <span class='ocrx_word' id='word_1_125' title='bbox 838 2524 902 2581; x_wconf 91' lang='lat' dir='ltr'>inde</span> <span class='ocrx_word' id='word_1_126' title='bbox 911 2522 1010 2592; x_wconf 84' lang='lat' dir='ltr'>iratus,</span> <span class='ocrx_word' id='word_1_127' title='bbox 1023 2536 1108 2603; x_wconf 89' lang='lat' dir='ltr'>atque</span> <span class='ocrx_word' id='word_1_128' title='bbox 1119 2546 1218 2607; x_wconf 88' lang='lat' dir='ltr'>aegere</span> <span class='ocrx_word' id='word_1_129' title='bbox 1227 2525 1326 2588; x_wconf 87' lang='lat' dir='ltr'>serens.</span> 
     </span>
     <span class='ocr_line' id='line_1_20' title="bbox 449 2613 1323 2705; baseline 0.002 -27"><span class='ocrx_word' id='word_1_130' title='bbox 449 2613 516 2678; x_wconf 83' lang='lat' dir='ltr'>Nec</span> <span class='ocrx_word' id='word_1_131' title='bbox 528 2621 593 2681; x_wconf 86' lang='lat' dir='ltr'>satis</span> <span class='ocrx_word' id='word_1_132' title='bbox 601 2624 638 2681; x_wconf 89' lang='lat' dir='ltr'>ad</span> <span class='ocrx_word' id='word_1_133' title='bbox 650 2622 857 2705; x_wconf 87' lang='lat' dir='ltr'>objurgandum</span> <span class='ocrx_word' id='word_1_134' title='bbox 870 2616 976 2676; x_wconf 87' lang='lat' dir='ltr'>causae.</span> <span class='ocrx_word' id='word_1_135' title='bbox 998 2618 1127 2690; x_wconf 85' lang='lat' dir='ltr'>Diceret,</span> <span class='ocrx_word' id='word_1_136' title='bbox 1272 2640 1323 2684; x_wconf 87' lang='lat'>111</span> 
     </span>
    </p>
   </div>
   <div class='ocr_carea' id='block_1_3' title="bbox 447 2711 1324 3365">
    <p class='ocr_par' dir='ltr' id='par_1_6' title="bbox 448 2711 1183 2801">
     <span class='ocr_line' id='line_1_21' title="bbox 448 2711 1183 2801; baseline 0.003 -29"><span class='ocrx_word' id='word_1_137' title='bbox 448 2716 536 2801; x_wconf 82' lang='lat' dir='ltr'>Qid</span> <span class='ocrx_word' id='word_1_138' title='bbox 544 2716 615 2775; x_wconf 85' lang='lat' dir='ltr'>feci?</span> <span class='ocrx_word' id='word_1_139' title='bbox 628 2717 704 2796; x_wconf 80' lang='lat' dir='ltr'>quid</span> <span class='ocrx_word' id='word_1_140' title='bbox 711 2713 874 2783; x_wconf 89' lang='lat' dir='ltr'>commerui,</span> <span class='ocrx_word' id='word_1_141' title='bbox 888 2726 938 2771; x_wconf 86' lang='lat' dir='ltr'>aut</span> <span class='ocrx_word' id='word_1_142' title='bbox 951 2711 1074 2791; x_wconf 87' lang='lat' dir='ltr'>peccavi,</span> <span class='ocrx_word' id='word_1_143' title='bbox 1085 2715 1183 2793; x_wconf 86' lang='lat' dir='ltr'>pater?</span> 
     </span>
    </p>

    <p class='ocr_par' dir='ltr' id='par_1_7' title="bbox 449 2809 1145 2896">
     <span class='ocr_line' id='line_1_22' title="bbox 449 2809 1145 2896; baseline 0 -27"><span class='ocrx_word' id='word_1_144' title='bbox 449 2814 537 2896; x_wconf 82' lang='lat' dir='ltr'>Qae</span> <span class='ocrx_word' id='word_1_145' title='bbox 546 2812 598 2871; x_wconf 89' lang='lat' dir='ltr'>sese</span> <span class='ocrx_word' id='word_1_146' title='bbox 612 2814 641 2871; x_wconf 93' lang='lat' dir='ltr'>in</span> <span class='ocrx_word' id='word_1_147' title='bbox 652 2812 748 2896; x_wconf 86' lang='lat' dir='ltr'>ignem</span> <span class='ocrx_word' id='word_1_148' title='bbox 758 2812 869 2891; x_wconf 90' lang='lat' dir='ltr'>injicere</span> <span class='ocrx_word' id='word_1_149' title='bbox 883 2809 983 2878; x_wconf 81' lang='lat' dir='ltr'>voluit,</span> <span class='ocrx_word' id='word_1_150' title='bbox 995 2809 1145 2888; x_wconf 77' lang='lat' dir='ltr'>prohibui3</span> 
     </span>
    </p>

    <p class='ocr_par' dir='ltr' id='par_1_8' title="bbox 448 2903 1173 2981">
     <span class='ocr_line' id='line_1_23' title="bbox 448 2903 1173 2981; baseline -0.003 -17"><span class='ocrx_word' id='word_1_151' title='bbox 448 2906 575 2966; x_wconf 84' lang='lat' dir='ltr'>Servavi.</span> <span class='ocrx_word' id='word_1_152' title='bbox 597 2907 724 2966; x_wconf 85' lang='lat' dir='ltr'>Honesta</span> <span class='ocrx_word' id='word_1_153' title='bbox 738 2906 829 2967; x_wconf 87' lang='lat' dir='ltr'>oratio</span> <span class='ocrx_word' id='word_1_154' title='bbox 844 2904 891 2963; x_wconf 84' lang='lat' dir='ltr'>est.</span> <span class='ocrx_word' id='word_1_155' title='bbox 914 2906 958 2963; x_wconf 90' lang='lat' dir='ltr'>So.</span> <span class='ocrx_word' id='word_1_156' title='bbox 976 2903 1064 2961; x_wconf 68' lang='lat' dir='ltr'>Rede</span> <span class='ocrx_word' id='word_1_157' title='bbox 1074 2917 1173 2981; x_wconf 87' lang='lat' dir='ltr'>putas:</span> 
     </span>
    </p>

    <p class='ocr_par' dir='ltr' id='par_1_9' title="bbox 447 2994 1324 3179">
     <span class='ocr_line' id='line_1_24' title="bbox 448 2994 1324 3080; baseline -0.001 -21"><span class='ocrx_word' id='word_1_158' title='bbox 448 3000 528 3059; x_wconf 86' lang='lat' dir='ltr'>Nam</span> <span class='ocrx_word' id='word_1_159' title='bbox 541 3000 560 3057; x_wconf 87' lang='lat' dir='ltr'>sr</span> <span class='ocrx_word' id='word_1_160' title='bbox 574 2998 653 3058; x_wconf 90' lang='lat' dir='ltr'>illum</span> <span class='ocrx_word' id='word_1_161' title='bbox 662 3000 805 3080; x_wconf 85' lang='lat' dir='ltr'>objurges,</span> <span class='ocrx_word' id='word_1_162' title='bbox 820 2998 894 3056; x_wconf 84' lang='lat' dir='ltr'>vitae</span> <span class='ocrx_word' id='word_1_163' title='bbox 903 2996 953 3074; x_wconf 92' lang='lat' dir='ltr'>qui</span> <span class='ocrx_word' id='word_1_164' title='bbox 968 2994 1102 3053; x_wconf 86' lang='lat' dir='ltr'>auxilium</span> <span class='ocrx_word' id='word_1_165' title='bbox 1113 2995 1197 3068; x_wconf 86' lang='lat' dir='ltr'>tulit;</span> <span class='ocrx_word' id='word_1_166' title='bbox 1271 3004 1324 3064; x_wconf 85' lang='lat'>115</span> 
     </span>
     <span class='ocr_line' id='line_1_25' title="bbox 447 3092 1207 3179; baseline 0.001 -28"><span class='ocrx_word' id='word_1_167' title='bbox 447 3093 533 3179; x_wconf 69' lang='lat' dir='ltr'>Quid</span> <span class='ocrx_word' id='word_1_168' title='bbox 541 3094 625 3152; x_wconf 82' lang='lat' dir='ltr'>facias</span> <span class='ocrx_word' id='word_1_169' title='bbox 634 3094 686 3163; x_wconf 91' lang='lat' dir='ltr'>illi,</span> <span class='ocrx_word' id='word_1_170' title='bbox 697 3093 746 3172; x_wconf 87' lang='lat' dir='ltr'>qui</span> <span class='ocrx_word' id='word_1_171' title='bbox 760 3092 868 3151; x_wconf 89' lang='lat' dir='ltr'>dederit</span> <span class='ocrx_word' id='word_1_172' title='bbox 878 3094 1011 3151; x_wconf 89' lang='lat' dir='ltr'>damnum</span> <span class='ocrx_word' id='word_1_173' title='bbox 1022 3104 1070 3149; x_wconf 91' lang='lat' dir='ltr'>aut</span> <span class='ocrx_word' id='word_1_174' title='bbox 1085 3092 1207 3152; x_wconf 82' lang='lat' dir='ltr'>malum?</span> 
     </span>
    </p>

    <p class='ocr_par' dir='ltr' id='par_1_10' title="bbox 448 3184 1161 3365">
     <span class='ocr_line' id='line_1_26' title="bbox 448 3184 1161 3267; baseline -0.004 -20"><span class='ocrx_word' id='word_1_175' title='bbox 448 3192 497 3247; x_wconf 81' lang='lat' dir='ltr'>Si.</span> <span class='ocrx_word' id='word_1_176' title='bbox 505 3188 590 3247; x_wconf 89' lang='lat' dir='ltr'>Venit</span> <span class='ocrx_word' id='word_1_177' title='bbox 602 3189 735 3247; x_wconf 85' lang='lat' dir='ltr'>Chremes</span> <span class='ocrx_word' id='word_1_178' title='bbox 743 3187 875 3267; x_wconf 88' lang='lat' dir='ltr'>postridie</span> <span class='ocrx_word' id='word_1_179' title='bbox 886 3187 923 3245; x_wconf 89' lang='lat' dir='ltr'>ad</span> <span class='ocrx_word' id='word_1_180' title='bbox 935 3207 989 3255; x_wconf 91' lang='lat' dir='ltr'>me,</span> <span class='ocrx_word' id='word_1_181' title='bbox 1004 3184 1161 3258; x_wconf 88' lang='lat' dir='ltr'>clamitans,</span> 
     </span>
     <span class='ocr_line' id='line_1_27' title="bbox 449 3280 1119 3365; baseline -0.003 -23"><span class='ocrx_word' id='word_1_182' title='bbox 449 3282 607 3365; x_wconf 87' lang='lat' dir='ltr'>Indignum</span> <span class='ocrx_word' id='word_1_183' title='bbox 615 3283 737 3341; x_wconf 87' lang='lat' dir='ltr'>facinus!</span> <span class='ocrx_word' id='word_1_184' title='bbox 753 3280 924 3359; x_wconf 84' lang='lat' dir='ltr'>comperisse,</span> <span class='ocrx_word' id='word_1_185' title='bbox 939 3280 1119 3359; x_wconf 90' lang='lat' dir='ltr'>Pamphilum</span> 
     </span>
    </p>
   </div>
   <div class='ocr_carea' id='block_1_4' title="bbox 438 3376 1324 4124">
    <p class='ocr_par' dir='ltr' id='par_1_11' title="bbox 448 3376 1284 3465">
     <span class='ocr_line' id='line_1_28' title="bbox 448 3376 1284 3465; baseline 0 -30"><span class='ocrx_word' id='word_1_186' title='bbox 448 3378 509 3465; x_wconf 62' lang='lat' dir='ltr'>s’ro</span> <span class='ocrx_word' id='word_1_187' title='bbox 519 3400 605 3437; x_wconf 80' lang='lat' dir='ltr'>uxore</span> <span class='ocrx_word' id='word_1_188' title='bbox 613 3379 716 3437; x_wconf 88' lang='lat' dir='ltr'>habere</span> <span class='ocrx_word' id='word_1_189' title='bbox 728 3378 800 3434; x_wconf 89' lang='lat' dir='ltr'>hanc</span> <span class='ocrx_word' id='word_1_190' title='bbox 813 3376 1001 3456; x_wconf 84' lang='lat' dir='ltr'>peregrinam.</span> <span class='ocrx_word' id='word_1_191' title='bbox 1024 3378 1091 3459; x_wconf 87' lang='lat' dir='ltr'>Ego</span> <span class='ocrx_word' id='word_1_192' title='bbox 1103 3378 1175 3439; x_wconf 88' lang='lat' dir='ltr'>illud</span> <span class='ocrx_word' id='word_1_193' title='bbox 1188 3378 1284 3439; x_wconf 89' lang='lat' dir='ltr'>sedulo</span> 
     </span>
    </p>

    <p class='ocr_par' dir='ltr' id='par_1_12' title="bbox 446 3472 1324 3555">
     <span class='ocr_line' id='line_1_29' title="bbox 446 3472 1324 3555; baseline -0.002 -20"><span class='ocrx_word' id='word_1_194' title='bbox 446 3474 564 3555; x_wconf 86' lang='lat' dir='ltr'>Negare</span> <span class='ocrx_word' id='word_1_195' title='bbox 577 3474 698 3533; x_wconf 70' lang='lat' dir='ltr'>fadum:</span> <span class='ocrx_word' id='word_1_196' title='bbox 719 3473 767 3532; x_wconf 91' lang='lat' dir='ltr'>ille</span> <span class='ocrx_word' id='word_1_197' title='bbox 781 3472 863 3531; x_wconf 87' lang='lat' dir='ltr'>instat</span> <span class='ocrx_word' id='word_1_198' title='bbox 872 3472 987 3533; x_wconf 68' lang='lat' dir='ltr'>fassum.</span> <span class='ocrx_word' id='word_1_199' title='bbox 1010 3475 1144 3554; x_wconf 86' lang='lat' dir='ltr'>Denique</span> <span class='ocrx_word' id='word_1_200' title='bbox 1268 3492 1324 3534; x_wconf 87' lang='lat'>120</span> 
     </span>
    </p>

    <p class='ocr_par' dir='ltr' id='par_1_13' title="bbox 448 3566 1046 3643">
     <span class='ocr_line' id='line_1_30' title="bbox 448 3566 1046 3643; baseline 0 -15"><span class='ocrx_word' id='word_1_201' title='bbox 448 3570 499 3628; x_wconf 89' lang='lat' dir='ltr'>Ita</span> <span class='ocrx_word' id='word_1_202' title='bbox 509 3581 570 3625; x_wconf 91' lang='lat' dir='ltr'>tum</span> <span class='ocrx_word' id='word_1_203' title='bbox 580 3568 691 3627; x_wconf 88' lang='lat' dir='ltr'>discedo</span> <span class='ocrx_word' id='word_1_204' title='bbox 699 3568 735 3627; x_wconf 88' lang='lat' dir='ltr'>ab</span> <span class='ocrx_word' id='word_1_205' title='bbox 744 3566 805 3636; x_wconf 90' lang='lat' dir='ltr'>illo,</span> <span class='ocrx_word' id='word_1_206' title='bbox 820 3567 912 3643; x_wconf 88' lang='lat' dir='ltr'>utqui</span> <span class='ocrx_word' id='word_1_207' title='bbox 924 3567 950 3625; x_wconf 92' lang='lat' dir='ltr'>se</span> <span class='ocrx_word' id='word_1_208' title='bbox 958 3568 1046 3628; x_wconf 84' lang='lat' dir='ltr'>filiam</span> 
     </span>
    </p>

    <p class='ocr_par' dir='ltr' id='par_1_14' title="bbox 446 3655 1323 3836">
     <span class='ocr_line' id='line_1_31' title="bbox 446 3655 1323 3747; baseline 0.002 -26"><span class='ocrx_word' id='word_1_209' title='bbox 446 3662 546 3741; x_wconf 87' lang='lat' dir='ltr'>Neget</span> <span class='ocrx_word' id='word_1_210' title='bbox 555 3663 697 3733; x_wconf 84' lang='lat' dir='ltr'>daturum.</span> <span class='ocrx_word' id='word_1_211' title='bbox 729 3663 773 3721; x_wconf 84' lang='lat' dir='ltr'>So.</span> <span class='ocrx_word' id='word_1_212' title='bbox 793 3660 859 3719; x_wconf 92' lang='lat' dir='ltr'>Non</span> <span class='ocrx_word' id='word_1_213' title='bbox 871 3675 903 3721; x_wconf 87' lang='lat' dir='ltr'>tu</span> <span class='ocrx_word' id='word_1_214' title='bbox 916 3662 957 3721; x_wconf 92' lang='lat' dir='ltr'>ibi</span> <span class='ocrx_word' id='word_1_215' title='bbox 965 3666 1103 3747; x_wconf 80' lang='lat' dir='ltr'>gnatum?</span> <span class='ocrx_word' id='word_1_216' title='bbox 1133 3667 1175 3724; x_wconf 83' lang='lat' dir='ltr'>Si.</span> <span class='ocrx_word' id='word_1_217' title='bbox 1197 3655 1241 3724; x_wconf 86' lang='lat' dir='ltr'>Ne</span> <span class='ocrx_word' id='word_1_218' title='bbox 1254 3665 1323 3723; x_wconf 83' lang='lat' dir='ltr'>haec</span> 
     </span>
     <span class='ocr_line' id='line_1_32' title="bbox 569 3759 684 3836; baseline -0.009 -20"><span class='ocrx_word' id='word_1_219' title='bbox 569 3759 684 3836; x_wconf 87' lang='lat' dir='ltr'>quidem</span> 
     </span>
    </p>

    <p class='ocr_par' dir='ltr' id='par_1_15' title="bbox 443 3852 1304 3939">
     <span class='ocr_line' id='line_1_33' title="bbox 443 3852 1304 3939; baseline 0 -26"><span class='ocrx_word' id='word_1_220' title='bbox 443 3852 524 3913; x_wconf 85' lang='lat' dir='ltr'>Satis</span> <span class='ocrx_word' id='word_1_221' title='bbox 537 3853 682 3911; x_wconf 83' lang='lat' dir='ltr'>vehemens</span> <span class='ocrx_word' id='word_1_222' title='bbox 696 3852 777 3912; x_wconf 82' lang='lat' dir='ltr'>causa</span> <span class='ocrx_word' id='word_1_223' title='bbox 791 3853 828 3910; x_wconf 88' lang='lat' dir='ltr'>ad</span> <span class='ocrx_word' id='word_1_224' title='bbox 840 3852 1058 3935; x_wconf 86' lang='lat' dir='ltr'>objurgandum.</span> <span class='ocrx_word' id='word_1_225' title='bbox 1080 3856 1125 3913; x_wconf 87' lang='lat' dir='ltr'>So.</span> <span class='ocrx_word' id='word_1_226' title='bbox 1135 3855 1207 3939; x_wconf 76' lang='lat' dir='ltr'>Qi,</span> <span class='ocrx_word' id='word_1_227' title='bbox 1216 3854 1304 3915; x_wconf 86' lang='lat' dir='ltr'>cedo?</span> 
     </span>
    </p>

    <p class='ocr_par' dir='ltr' id='par_1_16' title="bbox 441 3945 1204 4028">
     <span class='ocr_line' id='line_1_34' title="bbox 441 3945 1204 4028; baseline -0.008 -17"><span class='ocrx_word' id='word_1_228' title='bbox 441 3954 489 4011; x_wconf 88' lang='lat' dir='ltr'>Si.</span> <span class='ocrx_word' id='word_1_229' title='bbox 511 3949 588 4008; x_wconf 87' lang='lat' dir='ltr'>Tute</span> <span class='ocrx_word' id='word_1_230' title='bbox 597 3950 654 4028; x_wconf 92' lang='lat' dir='ltr'>ipse</span> <span class='ocrx_word' id='word_1_231' title='bbox 663 3949 706 4007; x_wconf 86' lang='lat' dir='ltr'>his</span> <span class='ocrx_word' id='word_1_232' title='bbox 716 3950 798 4008; x_wconf 87' lang='lat' dir='ltr'>rebus</span> <span class='ocrx_word' id='word_1_233' title='bbox 813 3949 897 4007; x_wconf 87' lang='lat' dir='ltr'>finem</span> <span class='ocrx_word' id='word_1_234' title='bbox 911 3945 1096 4027; x_wconf 76' lang='lat' dir='ltr'>praescripsti,</span> <span class='ocrx_word' id='word_1_235' title='bbox 1110 3961 1204 4027; x_wconf 48' lang='lat' dir='ltr'>patera</span> 
     </span>
    </p>

    <p class='ocr_par' dir='ltr' id='par_1_17' title="bbox 438 4040 1319 4124">
     <span class='ocr_line' id='line_1_35' title="bbox 438 4040 1319 4124; baseline -0.009 -19"><span class='ocrx_word' id='word_1_236' title='bbox 438 4047 537 4122; x_wconf 80' lang='lat' dir='ltr'>Prope</span> <span class='ocrx_word' id='word_1_237' title='bbox 550 4045 636 4114; x_wconf 81' lang='lat' dir='ltr'>adest,</span> <span class='ocrx_word' id='word_1_238' title='bbox 650 4066 738 4124; x_wconf 89' lang='lat' dir='ltr'>quum</span> <span class='ocrx_word' id='word_1_239' title='bbox 752 4044 843 4104; x_wconf 90' lang='lat' dir='ltr'>alieno</span> <span class='ocrx_word' id='word_1_240' title='bbox 854 4064 932 4101; x_wconf 92' lang='lat' dir='ltr'>more</span> <span class='ocrx_word' id='word_1_241' title='bbox 947 4042 1091 4101; x_wconf 86' lang='lat' dir='ltr'>vivendum</span> <span class='ocrx_word' id='word_1_242' title='bbox 1101 4042 1132 4100; x_wconf 90' lang='lat' dir='ltr'>&#39;st</span> <span class='ocrx_word' id='word_1_243' title='bbox 1140 4040 1226 4099; x_wconf 87' lang='lat' dir='ltr'>mihi:</span> <span class='ocrx_word' id='word_1_244' title='bbox 1266 4058 1319 4117; x_wconf 85' lang='lat'>125</span> 
     </span>
    </p>
   </div>
   <div class='ocr_carea' id='block_1_5' title="bbox 863 4136 888 4195">
    <p class='ocr_par' dir='ltr' id='par_1_18' title="bbox 863 4136 888 4195">
     <span class='ocr_line' id='line_1_36' title="bbox 863 4136 888 4195; baseline 0 0"><span class='ocrx_word' id='word_1_245' title='bbox 863 4136 888 4195; x_wconf 90' lang='lat' dir='ltr'>B</span> 
     </span>
    </p>
   </div>
   <div class='ocr_carea' id='block_1_6' title="bbox 0 0 1854 5259">
    <p class='ocr_par' dir='ltr' id='par_1_19' title="bbox 0 0 1854 5259">
     <span class='ocr_line' id='line_1_37' title="bbox 0 0 1854 5259; baseline 0 6"><span class='ocrx_word' id='word_1_246' title='bbox 0 0 1854 5259; x_wconf 95' lang='lat' dir='ltr'> </span> 
     </span>
    </p>
   </div>
  </div>
 </body>
</html>
