3700 5259
1142 903 1662 964 Achsv*-.
1766 909 2125 968 scENA
2228 919 2337 970 vn.
2537 920 2637 975 εει

861 1014 970 1082 Pb.
993 1015 1200 1082 Lemni
1228 1026 1431 1086 habuit
1455 1024 1642 1085 aliam.
1705 1025 1802 1086 Ch.
1822 1023 2029 1084 Nullus
2051 1024 2189 1084 sum·-
2262 1025 2370 1084 Ph·.
2395 1024 2489 1086 Ex
2512 1050 2626 1107 qua

1104 1120 1279 1180 filiam
1439 1173 1442 1176 .

865 1198 1152 1289 Suscepit:
1197 1229 1255 1275 et
1281 1235 1404 1274 eam
1430 1213 1575 1273 clam
1597 1215 1818 1273 educat.
1868 1216 1964 1275 Ch.
1986 1162 2253 1319 Sepultus
2281 1214 2418 1273 sum
2546 1233 2629 1296 50

867 1307 973 1366 Ph.
998 1306 1162 1367 Hae‘c
1190 1291 1330 1369 adeo
1356 1329 1468 1391 ego
1497 1308 1622 1367 illi·
1597 1331 1719 1388 Jam
1739 1309 2098 1370 denarrab0.'
2124 1312 2219 1371 Ch.
2253 1309 2525 1379 Obsecro,

862 1388 952 1462 Ne
972 1395 1165 1466 facias.
1209 1408 1315 1466 Ph.
1339 1407 1473 1465 Ho⁸
1518 1419 1672 1465 tune
1668 1404 1721 1464 is
1741 1409 1898 1466 eras?
1938 1409 2045 1468 De.
2073 1411 2159 1468 Ut
2178 1406 2341 1466 ludos
2370 1405 2537 1464 facit!

867 1500 962 1558 Ch.
989 1499 1210 1569 Miss'um
1234 1515 1291 1560 te
1295 1501 1561 1560 facimus·
1607 1498 1713 1560 Ph.
1739 1495 2025 1561 Fabulae!
2069 1501 2163 1563 Ch.
2188 1500 2354 1586 Qid
2380 1501 2462 1559 vis
2484 1499 2628 1570 tibi?

859 1593 1215 1679 Argentum,
1239 1599 1395 1675 quod
1414 1597 1609 1666 habea,
1632 1598 2010 1656 condonamus
2032 1611 2109 1656 te.
2154 1599 2261 1655 Ph.
2283 1594 2504 1654 Audio

866 1691 1029 1773 Qid
1048 1713 1168 1762 vos,
1190 1691 1428 1750 malum!
1475 1713 1614 1771 ergo
1643 1711 1731 1748 me
1759 1688 1830 1748 fic
1853 1688 2238 1760 ludificamini,
2550 1703 2622 1770 55

869 1781 1079 1861 Inepti,
1101 1785 1279 1843 vostra
1307 1785 1521 1864 puerili
1530 1782 1836 1843 sententia?

863 1877 1040 1949 Nolo,
1061 1879 1222 1938 vulo:
1267 1879 1394 1938 volo
1416 1879 1547 1937 nolo
1575 1877 1822 1938 rursum·
1868 1880 2028 1949 eed0‚
2056 1898 2213 1958 cape.

861 1974 1042 2076 Qod
1067 1973 1303 2044 dietum,
1342 1974 1615 2034 indiRum
1629 1973 1728 2031 'st.
1770 1975 1927 2051 quod
1953 1975 2121 2032 modo
2158 1987 2279 2033 erat
2305 1986 2512 2044 ratum,
2543 1973 2617 2032 ir-

1100 2068 1274 2127 ritum
1296 2068 1390 2127 est.

871 2162 1128 2249 Ch.Q10
1149 2163 1342 2242 Paesto,
1369 2177 1471 2222 aut
1497 2164 1645 2222 unde
1665 2163 1804 2225 haee
1824 2161 1919 2220 hic
1936 2161 2189 2221 rescivit?
2238 2161 2346 2223 De.
2362 2099 2595 2222 Nescio:

859 2254 1002 2325 Nifi,
1032 2278 1120 2316 me
1141 2256 1331 2316 dixiffe
1358 2256 1586 2326 nemini,
1607 2255 1668 2316 id
1686 2269 1842 2314 certo
1871 2256 2003 2316 scio.
2536 2263 2620 2323 60

861 2350 961 2408 Ch.
983 2349 1244 2420 Monstri,
1263 2352 1343 2410 ita
1361 2371 1450 2408 me
1473 2350 1789 2411 Diament!
1822 2353 2015 2412 simile
2060 2355 2365 2437 Ph.1nJ·eci
2384 2354 2615 2436 scrupu-

1079 2443 1236 2502 dum.
1299 2444 1408 2503 De.
1434 2441 1620 2502 Hem!
1669 2437 1674 2444 ’

827 2476 1104 2603 .Hiecine
1126 2553 1190 2600 ut
1218 2560 1251 2598 a
1279 2539 1440 2600 nobis
1468 2540 1579 2598 hoc
1604 2547 1826 2599 tantum
1855 2555 2077 2623 argenti
2061 2540 2329 2621 auferat,

850 2621 1004 2693 Tam
1033 2648 1225 2715 aperte
1252 2634 1522 2693 irridens?
1562 2635 1736 2694 emori
1763 2637 1950 2697 hercle
1967 2639 2144 2701 satius
2173 2642 2269 2701 est

848 2730 1074 2788 Animo
1101 2731 1257 2790 virili
1274 2727 1663 2811 praesentique
1691 2745 1755 2790 ut
1776 2732 1865 2803 fis,
1894 2755 2064 2812 para.

841 2825 1025 2884 -vides
1054 2837 1215 2884 tuum
1233 2837 1526 2905 peccatum
1555 2823 1656 2885 effe
1672 2824 1883 2887 elatum
1908 2826 2081 2887 fortas
2528 2829 2605 2909 65

845 2921 1052 2998 Neque
1073 2925 1195 3001 jam
1223 2922 1284 2979 id
1309 2920 1489 2991 celare
1509 2918 1657 2998 pofl'e
1679 2932 1737 2977 te
1763 2941 1997 2981 uxorem
2024 2936 2200 2999 tuam.
2304 2911 2311 2918 ’
2379 2925 2389 2932 '

846 3015 1019 3074 Nunc
1049 3014 1341 3099 quod-ipsa
1369 3030 1439 3072 ex
1455 3001 1578 3072 aliis
1601 3007 1863 3071 auditura
1891 3014 1979 3084 fit,
2007 3003 2272 3086 Chreme,

844 3113 923 3170 Id
950 3111 1161 3169 nosmet
1189 3111 1336 3190 ipsos
1365 3108 1632 3176 indicare,
1659 3105 1992 3184 placabilius
2021 3108 2115 3179 est.

840 3205 1001 3265 Tum
1021 3207 1170 3264 hunc
1199 3207 1542 3285 impuratum
1568 3201 2089 3282 poterimus-nostro
2110 3200 2281 3263 modo

837 3299 1090 3362 Ulcisci..·
1121 3302 1228 3360 Ph.
1246 3301 1430 3358 Atat!
1477 3298 1574 3358 nifi
1602 3297 1741 3358 mihi
1767 3295 2071 3377 prospici0,
2093 3297 2315 3374 haereo.
2521 3313 2600 3379 70

834 3395 932 3454 Hi
953 3395 1296 3477 gladiatorio
1322 3395 1510 3454 auimo
1538 3395 1612 3456 ad
1637 3414 1725 3453 me
1753 3392 2038 3467 adfeetam
2057 3392 2223 3451 viam»

835 3492 940 3553 Ch.
962 3491 1056 3551 At
1082 3505 1294 3562 vereor,
1317 3506 1383 3552 ut
1407 3489 1619 3570 placari
1648 3488 1831 3568 poffit„
1874 3488 1983 3547 De.
2002 3487 2165 3548 Bono
2193 3479 2380 3546 animo
2397 3510 2474 3548 ea.

831 3585 975 3666 Ego
993 3586 1246 3670 redigam
1273 3607 1370 3644 vos
1393 3585 1449 3642 in
1477 3583 1744 3666 gratiam,
1774 3583 1885 3640 hoc
1911 3580 2110 3650 stetuS,
2140 3581 2405 3653 Chreme,

828 3682 1036 3764 Qum
1056 3679 1293 3749 emedio
1320 3671 1560 3749 exceffit,
1590 3679 1737 3737 unde
1758 3675 1896 3751 haec
1915 3674 2162 3755 suscepta
2176 3674 2242 3733 ’st
2260 3675 2393 3737 tibi.

793 3782 799 3785 ’
828 3776 944 3834 Ph.
972 3775 1133 3833 Itane
1145 3774 1326 3856 :agitis
1346 3774 1599 3833 mecum?
1638 3769 1768 3829 satis
1798 3769 1975 3843 astute
1994 3767 2388 3848 adgredimini.
2514 3790 2547 3849 7
2550 3789 2586 3852 5

824 3868 965 3929 Non
987 3867 1172 3930 hercle
1193 3892 1260 3930 ex
1289 3891 1348 3930 re
1369 3868 1522 3929 istius
1545 3889 1634 3926 me
1661 3864 1952 3947 instigasti,
1982 3863 2294 3946 Demipho·

813 3965 976 4028 Ain'
998 3979 1062 4025 tu
1080 3968 1100 4026 ἓ
1132 3966 1239 4028 ubi
1259 3987 1514 4048 peregre,
1541 3963 1649 4023 tibi
1671 3962 1826 4040 quod
1846 3957 2224 4038 libitumtfuit,
2246 3956 2464 4041 feceriz,

814 4061 1030 4138 Neque
1045 4061 1210 4141 hujus
1230 4061 1298 4124 fis
1319 4059 1548 4129 veritus,
1567 4056 1804 4116 feminae
1831 4053 2150 4136 primariae,
2215 4128 2219 4135 Δ

808 4153 988 4237 (ξι-ἱππ
1002 4175 1145 4214 novo
1173 4155 1342 4215 modo
1364 4153 1415 4213 ei
1436 4149 1642 4214 faceres
1661 4150 2061 4226 contumeliam
2077 4173 2096 4212 z

1632 4247 1767 4307 Nn
