3700 5259
560 843 797 897 ncrusr.
844 843 1079 895 scanni.
1162 880 1164 883 .
1225 865 1273 923 η,

394 949 455 1016 Me.
469 946 601 1012 Dicetur.
625 950 673 1008 Cb.
681 948 727 1008 At
737 947 801 1008 istos
811 947 910 1008 rastros
921 948 1026 1008 interea
1035 963 1148 1011 tamen..
1263 995 1266 1002 -

393 1048 536 1125 Adpone:
552 1044 703 1104 nelabora.
724 1045 785 1103 Me.
795 1043 922 1104 Minime.
947 1046 1269 1132 Ch.Qamremagia?·.
1301 1124 1303 1127 Ι
1362 1103 1367 1109 ,

393 1144 456 1202 Me.
468 1143 534 1200 Sine
544 1163 599 1213 me,
610 1141 738 1200 vacivom
748 1153 859 1218 tempus
870 1161 904 1198 ne
915 1141 994 1217 quod
1003 1141 1081 1199 duim
1091 1142 1162 1201 mihi
1261 1192 1268 1201 .

393 1235 529 1316 Ipboris.
553 1232 911 1311 Cb.lulonfinam,ipquam.
933 1233 1070 1294 Manu!
1086 1257 1272 1316 nonaequum
1296 1275 1299 1279 ·

516 1329 596 1390 sacia.

396 1424 446 1483 Cb.
458 1422 533 1494 Hui,
547 1438 608 1484 tam
620 1445 720 1507 graver
733 1425 796 1495 hoa,
814 1422 935 1502 quaeso?
964 1424 1086 1484 Medic
1102 1429 1232 1489 meritum
1241 1431 1273 1500 ’st

510 1540 613 1578 meum.
1230 1545 1273 1602 40

396 1611 539 1674 Cb.Nunc
549 1612 672 1691 loquere.
693 1612 754 1672 Me.
762 1609 866 1688 Filium
877 1609 990 1686 unicum
998 1609 1232 1674 adolescentulum

396 1707 514 1789 Habeo.
529 1707 580 1765 ah!
597 1706 667 1784 quid
675 1705 734 1765 dixi
745 1705 847 1768 habere
858 1705 920 1762 me?
932 1704 1019 1763 immo
1027 1706 1124 1778 habui,
1136 1710 1271 1772 Chremet

394 1803 482 1864 Nunc
495 1803 625 1872 habeam,
634 1807 735 1873 necne,
754 1801 891 1861 incertum
905 1801 953 1860 est.
982 1803 1029 1862 ub.
1038 1803 1120 1888 Qid
1132 1803 1173 1863 ita
1186 1805 1273 1866 istuc?

518 1901 580 1959 Me.
591 1899 678 1959 Scies.

395 1995 475 2056 Este
489 1981 628 2055 Corintho
641 1993 688 2052 hic
701 1994 805 2053 advena
819 2013 887 2054 auus
902 1991 1089 2072 paupercula:

395 2092 470 2170 Ejus
484 2089 571 2148 filiam
582 2087 628 2146 ille
642 2109 734 2146 amare
744 2087 836 2166 coepit
852 2087 972 2165 perdite,
1229 2111 1270 2171 45

395 2188 492 2267 Prope
498 2189 558 2266 jam
569 2199 601 2245 ut
614 2207 668 2264 pro
677 2206 762 2243 uxore
771 2185 895 2243 haberet.
917 2185 985 2243 haec
995 2185 1066 2245 clam
1081 2209 1124 2248 me
1135 2190 1237 2249 omnia.

395 2281 461 2342 Ubi
475 2302 532 2338 rem
546 2279 651 2349 rescivi,
665 2277 745 2356 coepi
760 2299 814 2336 non
826 2279 1007 2348 humanitus,

292 2419 294 2428 ι
394 2378 500 2455 Neque
511 2391 543 2435 ut
557 2374 679 2434 animum
689 2371 783 2431 decuit
793 2374 942 2455 aegrotum
954 2375 1162 2451 adolescentuli,

292 2479 293 2484 ’
394 2472 553 2540 Tradlare3
568 2467 614 2526 sed
628 2467 667 2536 vi,
681 2481 710 2525 et
720 2467 765 2524 via
774 2468 939 2550 pervolgata
948 2483 1070 2548 patrum,

393 2563 538 2651 Qotidie
548 2559 725 2624 accusabam:
742 2561 817 2630 hem,
831 2561 919 2620 tibine
930 2563 999 2621 haec
1012 2563 1117 2624 diutius
1232 2587 1273 2649 50

292 2723 294 2734 ff
393 2663 502 2748 Licere
515 2659 606 2739 speras
621 2658 721 2728 faeere,
736 2679 780 2733 me
791 2657 851 2715 vivo
864 2672 956 2736 patre,

392 2755 534 2818 Amicam
549 2767 580 2813 ut
591 2753 695 2832 habeaa
708 2773 796 2832 prope
804 2754 863 2831 jam
875 2753 903 2827 in
914 2753 1009 2812 uxoria
1023 2752 1104 2817 loco?

393 2852 500 2920 Erras,
515 2849 533 2906 s1
545 2847 575 2907 id
585 2847 685 2917 credie,
699 2859 726 2904 et
738 2867 781 2904 me
795 2846 919 2927 ignoras,
934 2846 1036 2914 Clinia,

394 2945 468 3028 Ego
477 2956 508 3001 te
518 2961 611 3006 meum
622 2939 671 3002 elle
681 2938 736 3000 dici
746 2937 881 3017 tantisper
894 2937 968 3006 uolo,

394 3042 493 3109 Dum,
510 3037 587 3115 quod
599 3049 627 3094 te
638 3033 755 3116 dignum
763 3033 805 3103 'st,
820 3033 920 3093 sacient
937 3033 1011 3091 sedsi
1023 3031 1053 3090 id
1063 3031 1204 3105 nonfacia,
1233 3052 1274 3115 55-
1296 3083 1300 3089 .

394 3139 478 3224 Ego,
494 3136 573 3214 quod
586 3153 630 3192 me
643 3131 712 3192 inte
723 3131 756 3190 sit
769 3129 858 3212 facere
871 3128 1001 3209 dignum,
1016 3128 1153 3198 invenero.

394 3231 487 3292 Nulla
502 3231 572 3288 adeo
581 3248 614 3286 ex
626 3247 655 3288 re
664 3225 732 3287 illuc
742 3225 786 3293 fit,
801 3222 849 3281 nifi
860 3245 894 3282 ex
904 3223 990 3289 nimiu
1001 3225 1070 3283 otio.

395 3329 467 3410 Ego
476 3325 546 3382 istuc
560 3319 671 3390 aetatis,
686 3339 740 3378 non
752 3317 840 3380 amori
853 3339 967 3396 operam
978 3320 1106 3392 dabame

395 3423 457 3482 Sed
468 3421 497 3479 in
511 3419 610 3478 Afiam
624 3417 689 3478 hinc
702 3414 759 3474 abii
770 3427 886 3493 propter
896 3413 1073 3492 pauperiem:
1089 3428 1176 3494 atque
1188 3415 1228 3475 ibi

396 3516 491 3576 Simul
506 3536 575 3584 rem,
589 3527 616 3572 et
631 3511 698 3571 belli
708 3510 827 3593 gloriam
838 3510 922 3568 armis
933 3503 1052 3589 repperi.
1235 3515 1277 3576 60

395 3613 545 3695 Bostremo
556 3609 626 3666 adeo
641 3627 683 3664 res
698 3605 797 3665 rediit:
813 3605 1034 3665 adolescentulae

397 3709 491 3785 Saepe
503 3706 609 3773 eadem,
625 3715 654 3761 et
667 3700 790 3783 graviter
801 3701 949 3772 audiendo,
965 3703 1055 3762 vidua
1066 3702 1113 3775 est,

397 3803 441 3878 Et
452 3813 545 3859 aetate
559 3798 669 3878 putavit
680 3818 734 3868 me,
746 3811 774 3855 et
787 3797 983 3857 benevolentia

397 3897 471 3958 Plus
482 3893 550 3952 scire
561 3907 589 3952 et
599 3891 754 3974 providere,
770 3913 855 3970 quam
866 3893 892 3951 se
903 3893 992 3972 ipsum
1006 3891 1067 3952 fibi.

301 3981 304 3990 ¹
399 3995 435 4053 In
448 3993 548 4050 Asiam
560 3992 595 4050 ad
604 4013 698 4073 regem
708 3991 859 4052 militatum
870 3991 951 4059 abiit,
965 3991 1096 4051 Chreme.
1237 3992 1276 4069 65

399 4087 452 4152 Ch.
465 4085 609 4172 Qidaia!
628 4087 689 4151 Me
696 4084 779 4146 Clam
789 4107 832 4146 me
842 4084 1183 4180 profedus,menseatreir
1193 4086 1286 4147 abest,
