3700 5259
610 785 1035 860 aecumenica.
1214 808 1262 879 im

383 899 453 989 puel
462 907 606 987 tuenstulte
611 893 724 988 salim
735 913 822 970 uideri
828 923 949 990 poterat,
963 913 1052 992 postea
1058 915 1166 993 puellae
1173 915 1265 1000 saluii

374 1011 439 1087 ficit
445 1032 459 1078 ‚·
479 1008 537 1086 ejus
550 1009 621 1064 enim
639 1007 736 1066 annuli
752 1020 798 1084 ope
810 1009 918 1066 tandem
930 1013 1029 1090 agnita
1045 1010 1187 1094 estasuis.
1216 1017 1261 1078 A.

383 1124 433 1164 nur
443 1111 580 1179 acceptam
585 1099 704 1180 puellam
709 1099 881 1178 Antiphilam
887 1107 1019 1172 nominat,
1025 1105 1170 1184 educatque
1177 1121 1210 1170 ut
1210 1113 1261 1194 fir

382 1217 438 1258 arn.
467 1197 552 1267 Eam,
566 1216 647 1272 quum
659 1196 815 1274 adamifflr,
828 1198 944 1280 anusque
954 1198 1094 1276 illlusfilia
1101 1213 1263 1280 putaretur,
1278 1270 1281 1273 ,

382 1280 537 1354 Menedemi
541 1293 619 1371 filius
638 1291 729 1352 Clinia
736 1294 844 1369 perduc
856 1311 952 1354 amare
962 1298 1054 1372 coepit,
1063 1309 1146 1374 prope
1151 1299 1217 1373 jam
1230 1313 1263 1361 ut

376 1397 429 1470 pr'o
443 1412 523 1450 uxore
535 1391 660 1448 haberet:
681 1387 800 1462 qmduba·
807 1388 913 1468 rescivit
920 1400 1015 1466 pater,
1024 1393 1067 1449 ita
1080 1384 1260 1455 uiolenterlu·

380 1485 425 1554 lit,
435 1495 467 1542 ut
471 1485 573 1560 filium,
585 1483 736 1560 affiduitate
735 1481 884 1562 jurgandi,
892 1484 964 1545 clam
971 1475 1119 1543 militatum
1127 1489 1158 1544 in
1167 1471 1262 1566 astam

380 1582 458 1638 ahira
465 1583 589 1660 eligerit.
612 1575 685 1638 Tunc
696 1597 759 1636 vero
768 1580 816 1652 qui
819 1579 877 1655 filii
884 1601 1001 1660 arnonem
1013 1583 1104 1655 iniqua
1115 1585 1205 1642 animm
1213 1594 1260 1642 tu·

380 1673 464 1744 lerat,
478 1675 559 1734 multa
571 1677 701 1752 iniquiore
708 1673 820 1755 ejusdem
832 1674 1065 1756 absentiamferre
1076 1679 1168 1752 conpita
1195 1677 1259 1736 Ita·

381 1789 430 1844 que
444 1781 476 1828 ut
489 1772 522 1832 de
527 1769 725 1852 sistcpplicium
737 1771 838 1852 absenti
842 1771 902 1848 filio
915 1771 1006 1839 daret,
1016 1773 1062 1846 qui
1074 1772 1261 1852 cumsacuitia

374 1860 427 1940 fica
438 1855 558 1942 enegiset
571 1883 603 1920 ex
614 1863 731 1930 aedibus,
745 1863 833 1932 aedes,
839 1859 1033 1944 supelleliilem,
1038 1861 1183 1938 fiemile'am
1195 1884 1259 1922 uen-

380 1954 432 2024 dit,
442 1967 567 2032 praeter,
582 1957 628 2030 q‘ui
631 1955 710 2036 serti
719 1957 758 2014 ad
762 1968 824 2033 opus
835 1957 897 2013 ruri
897 1955 1063 2032 faciundum
1071 1953 1148 2014 utiles
1161 1965 1260 2015 erant:

379 2051 564 2130 ingentemque
561 2049 618 2129 sthi
630 2061 729 2130 agrum
739 2061 889 2129 comparat,
898 2053 945 2110 uhi
956 2054 1074 2128 aprima
1086 2051 1143 2110 luce
1155 2053 1194 2111 ad
1199 2073 1259 2111 noc·

378 2153 434 2202 tem
447 2165 499 2202 nan
504 2145 596 2226 struo:
610 2145 681 2204 mado
694 2156 837 2216 remcaret,
856 2164 951 2209 nerum
962 2149 1058 2216 etiam,
1070 2145 1141 2207 himo
1145 2146 1259 2228 senage-

378 2240 489 2306 narius,
495 2238 655 2320 seneltutcm
664 2241 764 2322 miseris
773 2242 1125 2324 mediccxcruciarrtsuam.
1147 2243 1260 2320 Prosec-

376 2345 406 2392 'to
421 2333 526 2404 Clinia,
548 2333 685 2406 Philtera,
703 2357 784 2416 quae,
805 2347 837 2397 ut
849 2338 917 2407 diui,
938 2337 1098 2419 Antipiiiae
1106 2340 1261 2416 putabatur

378 2441 481 2500 mater,
495 2441 642 2490 extrernum
654 2435 729 2492 vitae
741 2434 811 2492 diem
823 2443 907 2494 morte
915 2435 1034 2511 euresccit.
1067 2432 1170 2503 Clinia,
1179 2452 1261 2508 quum

296 2517 297 2524 ἵ
371 2527 436 2601 jam
446 2526 544 2608 menses
558 2537 613 2588 tres
621 2519 751 2608 alstciset,
762 2533 866 2592 amicae
876 2527 1133 2608 desiderioreversuc,
1147 2547 1199 2605 non
1207 2549 1258 2587 au·

372 2621 419 2702 fies
429 2621 552 2700 estpatri
556 2623 589 2704 se
600 2627 629 2682 in
638 2625 794 2706 conspelium
803 2627 880 2695 dare,
891 2627 1034 2699 antiquam
1043 2621 1117 2684 illiue
1125 2623 1258 2706 asperita·
1354 2695 1359 2719 ι

378 2725 431 2774 tem
444 2718 561 2786 veritur,
567 2715 619 2798 sed
624 2717 663 2774 ad
675 2716 857 2796 Clitiphonem,
869 2715 1016 2776 Chremtis
1023 2715 1126 2790 filiurn,
1133 2715 1259 2786 divertit,

299 2799 302 2810 ¹
378 2811 486 2884 quictem
497 2829 598 2890 magna
611 2809 661 2888 ipſs
670 2829 689 2868 a
697 2825 781 2889 puero
783 2811 973 2890 ficmiliaritar
987 2809 1176 2884 intercesrrat.
1200 2808 1258 2868 Cli·

296 2921 297 2932 ’
377 2905 461 2984 tipho,
474 2905 577 2986 sodalis
596 2908 686 2966 reditu
704 2907 803 2977 laetru,
828 2907 927 2984 Syrum
946 2915 974 2962 et
994 2902 1154 2961 Drmiam
1165 2901 1259 2980 seruas

380 2999 458 3079 (jane
481 3011 573 3060 autem
598 2999 845 3084 advesperascebat)
866 3004 896 3060 in
917 2999 1008 3058 urhem
1030 2996 1070 3054 ad
1083 2997 1260 3074 arcescndane

379 3093 564 3172 Antiphilam,
582 3099 679 3158 mittit.
714 3098 882 3180 Expasnerat
901 3116 929 3154 ea
951 3093 1003 3174 ips
1023 3093 1066 3150 die
1084 3091 1259 3153 Maeniam

381 3189 526 3260 Chremeti,
541 3193 697 3270 quantafihi
706 3192 826 3271 destdcrio
835 3190 893 3270 cffet
898 3188 976 3268 filius
983 3211 996 3264 .·'
1010 3201 1114 3265 parum
1125 3191 1257 3267 utalfiee·

379 3290 428 3356 rit,
438 3289 506 3363 quin
518 3287 650 3358 Chremes,
664 3310 745 3366 quum
752 3293 873 3368 primum
879 3287 911 3344 de
923 3285 1013 3343 reditu
1028 3283 1135 3342 Cliniae
1145 3288 1258 3360 accepit,

379 3385 500 3441 ncitteret
510 3388 556 3459 qui
567 3387 593 3445 ei
600 3390 763 3447 nunciaret:
783 3389 914 3447 continuit
926 3381 1054 3461 tamense
1062 3385 1093 3438 in
1101 3380 1170 3437 diem
1173 3376 1256 3456 pqlle·

380 3495 439 3534 rurn
445 3501 461 3546 ,ε
481 3479 550 3556 quad
560 3482 603 3538 ita
616 3483 728 3564 magice
740 3482 850 3544 reillius
855 3483 920 3560 sore
929 3479 1042 3560 cnseret
1050 3474 1257 3552 Syrumsumma

374 3571 467 3652 seruus
478 3583 505 3632 et
513 3575 642 3646 audacia,
650 3588 679 3636 et
685 3577 804 3654 aestutiae
824 3581 870 3654 qui
878 3597 959 3653 quum
968 3569 1138 3649 Antiphilam
1147 3577 1258 3626 tantum

380 3671 590 3750 arcesserejusus
604 3673 672 3752 eset,
686 3675 770 3732 etiam
781 3671 943 3732 Bacchidem
952 3669 1074 3728 adduxit.
1089 3704 1092 3708 ι
1103 3664 1182 3722 Erat
1193 3663 1260 3735 haec

381 3772 518 3838 meretrix,
526 3783 638 3846 procax,
645 3779 748 3846 potens,
755 3768 916 3852 pampinosa,
931 3764 1034 3834 nohilir,
1047 3759 1259 3842 cajuseammr

381 3857 454 3918 haud
460 3864 503 3918 ita
512 3861 618 3938 pridem
631 3865 772 3921 irreticrat
787 3860 909 3942 Clitipho.
941 3858 1006 3936 ‚Quo
1014 3865 1105 3916 auten
1118 3873 1160 3910 res
1173 3851 1257 3910 Chre·

296 3961 297 3966 ’
381 3951 475 4013 nectem
486 3950 594 4028 lateret,
608 3955 653 4014 hoc
665 3956 795 4036 confilium
805 3959 925 4032 capiunt,
938 3964 967 4011 ut
980 3951 1140 4010 Bacchidem
1153 3949 1258 4023 quidem

382 4052 497 4109 amicam
512 4049 627 4125 Cliniae,
649 4051 820 4132 Antiphilam
839 4071 900 4110 uero
913 4067 996 4107 unam
1015 4047 1047 4106 lc
1058 4046 1131 4106 illinc
1150 4043 1257 4104 ancillir
1339 4090 1341 4093 ψ
