3700 5259
550 839 809 895 Acrusrv.
855 839 1117 904 saeuum.
1228 850 1278 900 ιιι

395 955 452 1020 La.
463 949 600 1010 Puerum!
617 969 701 1027 quem
711 946 846 1027 puerum?
866 947 920 1009 Pb.
929 947 1022 1009 Natus
1035 945 1074 1006 est
1084 941 1166 1006 nobie
1176 962 1274 1022 nepae.

395 1046 470 1105 Nam
481 1044 603 1106 abduua
616 1063 633 1101 a
646 1041 726 1102 vobio
740 1061 898 1122 praegnans
911 1040 1006 1121 fuerat
1017 1041 1088 1112 salia,

394 1140 494 1225 Neque
505 1137 581 1200 fuiffe
592 1149 795 1221 praegnantem
803 1156 939 1214 umquam
949 1148 1014 1213 aute
1024 1135 1100 1215 huuc
1109 1133 1177 1194 sciui
1186 1135 1271 1214 diem.

393 1236 450 1296 La.
461 1233 548 1302 Bene,
563 1231 603 1298 ita
614 1253 658 1298 me
667 1232 711 1292 Di
726 1235 835 1292 ament!
852 1231 983 1292 nuncius:
998 1245 1028 1290 et
1039 1233 1162 1315 gaudeo,
1233 1251 1273 1298 ιο

394 1328 608 1399 Natumillum,
623 1343 651 1390 et
664 1327 718 1390 tibi
729 1327 808 1392 illam
818 1327 931 1402 salvam.
951 1327 999 1388 sed
1011 1327 1082 1406 quid
1094 1326 1218 1388 mulieris

393 1425 521 1482 Uxorem
535 1422 640 1489 habes?
653 1435 702 1485 aut
716 1421 820 1499 quibus
831 1433 968 1501 moratam
982 1420 1124 1499 moribua?

391 1516 485 1575 Nosne
496 1517 551 1574 hoc
565 1513 669 1574 celatos
679 1528 739 1584 tum
749 1513 816 1575 diu?
836 1531 946 1590 nequeo
958 1512 1036 1582 satis,

389 1613 488 1700 Qum
501 1609 556 1690 hoc
569 1605 638 1666 mihi
646 1607 756 1675 videtur
765 1608 871 1668 fastum
884 1631 982 1688 prave,
995 1608 1137 1688 proloqui·

391 1701 1269 1784 Ph.Noutibiilludfudtummiuuoplacetmuammihi,Laches,

389 1806 448 1867 Pa.
461 1800 577 1878 Etiamfi
591 1801 697 1862 dudum
708 1799 801 1860 fuerat
814 1801 981 1882 ambiguum
994 1803 1049 1859 hoc
1060 1799 1146 1858 mihi:
1230 1800 1269 1874 26

389 1897 475 1956 Nunc
485 1916 540 1954 non
551 1894 607 1964 est3
623 1915 710 1972 quum
723 1915 785 1954 eam
798 1893 979 1972 consequitur
988 1892 1093 1951 alienus
1107 1911 1187 1969 puer·

389 1991 446 2066 La.
456 1988 542 2051 Nulla
550 1989 615 2058 tibi
630 1987 789 2067 Pamphile,
802 1987 914 2065 hicjam
925 1987 1141 2048 consultatio'st.

389 2088 446 2144 Pa.
459 2069 548 2144 Perii!
571 2087 628 2144 La.
641 2083 729 2144 Hunc
743 2082 833 2148 rudere
843 2079 922 2162 saepe
932 2081 1100 2165 optabamus
1113 2079 1199 2150 diem,

388 2181 487 2284 Qum
502 2201 535 2236 ex
549 2193 577 2237 te
592 2179 655 2239 effer
669 2177 782 2256 aliquis,
796 2175 846 2259 qui
861 2188 889 2234 te
903 2175 1058 2254 appellaret
1070 2190 1191 2255 patrem.
1228 2195 1268 2254 30

389 2271 434 2328 Ev
436 2271 502 2354 enit.
524 2273 614 2334 habeo
625 2287 772 2355 gratiam
759 2272 825 2332 Dis·
848 2273 904 2328 Pa.
915 2271 1017 2330 Nullus
1028 2271 1102 2331 sum³
1297 2313 1309 2351 0

388 2367 441 2424 La.
455 2346 553 2426 Reduc
564 2388 690 2446 uxorem,
704 2387 738 2426 ac
748 2365 804 2427 noli
820 2341 959 2440 advorsari
974 2365 1053 2424 mihi.

389 2463 446 2518 Pa.
459 2461 553 2529 Pater,
568 2461 587 2518 fi
602 2482 635 2519 ex
646 2482 690 2520 me
703 2460 752 2522 illa
765 2459 868 2528 liberos
880 2459 962 2518 vellet
976 2459 1037 2527 fibi,

387 2553 455 2632 Aut
465 2553 491 2611 se
505 2553 555 2614 effe
570 2574 680 2630 mecum
691 2566 824 2633 nuptam
817 2552 906 2612 ·satia
917 2565 996 2610 certo
1010 2550 1076 2622 scio,

387 2646 455 2707 Non
466 2669 510 2706 me
520 2647 592 2706 clam
603 2649 728 2721 haberet
742 2651 821 2728 quod
833 2647 930 2712 celasse
942 2644 1082 2728 intelligo
1227 2661 1266 2725 35

381 2743 482 2814 Nunc,
496 2762 584 2822 quum
594 2746 652 2822 ejus
663 2745 784 2826 alienum
795 2745 845 2804 else
856 2765 872 2802 a
882 2763 927 2801 me
941 2742 1064 2823 animum
1073 2737 1200 2826 seutiam,
1256 2728 1262 2740 '⁴

387 2835 449 2896 Nec
460 2847 664 2924 ιοιιιειιιιιιιιιιι
678 2836 751 2900 iuter
762 2857 812 2895 uos
823 2835 938 2914 posthac
948 2833 999 2892 ess'e
1012 2832 1153 2891 arbitror.

384 2913 581 3004 Quamobrem
594 2930 742 2990 reducam?
760 2928 814 2996 La.
824 2927 920 2996 Mater
931 2929 1008 3011 quod
1019 2927 1100 2985 suasit
1111 2926 1169 2996 sua,
1267 2919 1270 2924 ¹

384 3019 559 3104 Adolescena
570 3021 670 3082 mulier
683 3021 758 3088 fecit.
781 3022 973 3102 mirandumne
987 3020 1017 3096 id
1029 3020 1084 3079 est?

384 3113 504 3172 Censeu'
513 3128 542 3173 te
552 3115 625 3194 posse
634 3137 754 3196 reperire
767 3117 854 3178 ullam
866 3098 1021 3186 mulierem,
1223 3133 1264 3193 40

383 3213 470 3290 Quae
483 3227 576 3271 careat
586 3212 687 3292 culpa.³
706 3237 741 3282 au
751 3214 818 3294 quia
833 3235 888 3273 non
900 3213 1068 3291 delinquunt
1078 3209 1149 3270 riri?
1252 3197 1257 3205 ¹

383 3307 440 3365 Ph.
451 3306 567 3387 Vosmet
578 3307 689 3368 videte
676 3329 747 3393 jam,
763 3310 886 3378 Laches,
900 3321 929 3367 et
942 3322 975 3386 tu
989 3307 1148 3387 Pamphile,

383 3400 536 3474 Remiffan’
546 3424 616 3482 opus
626 3391 760 3476 srt'vobis,
775 3425 810 3464 an
820 3404 954 3484 reddudia
966 3404 1092 3461 domum.
1170 3415 1174 3419 '

382 3497 469 3554 Uxor
481 3495 550 3574 quid
563 3496 659 3566 faciat,
674 3498 703 3556 in
714 3519 798 3558 manu
812 3519 868 3556 uon
879 3497 917 3556 est
928 3518 1004 3568 mea:

381 3575 532 3651 Neutrum
544 3613 573 3651 re
583 3593 663 3654 vobis
674 3594 850 3662 difficultasa
866 3615 908 3652 me
920 3592 982 3650 erit.
1222 3606 1262 3669 45

382 3687 442 3748 Sed
454 3685 662 3764 quidfaciemuu
674 3691 779 3767 puero?
800 3689 850 3746 La
865 3684 996 3746 Ridicule
1005 3702 1107 3764 rogas
1256 3677 1259 3684 ’

379 3779 536 3866 Quidquid
548 3779 673 3850 futurum
680 3782 723 3853 'st‚
737 3780 803 3840 huic
817 3765 896 3864 suum
910 3761 1008 3838 reddar
1020 3777 1134 3847 scilicet,

379 3877 428 3934 Ut
439 3874 546 3932 alamus
558 3875 688 3936 nostrum.
712 3879 829 3936 Pa.u
779 3877 874 3960 Quem
888 3854 946 3952 ipse
959 3869 1084 3951 neglexit
1096 3885 1188 3950 pater,

379 3970 452 4055 Ego
458 3969 661 4030 alam³La
612 3969 787 4056 Qiddixti?
797 3970 866 4026 eho!
878 3988 913 4025 an
920 3985 975 4023 uon
982 3964 1085 4023 alemus
1087 3964 1264 4044 ,Pamphilae

378 4065 550 4153 Prodemus,
565 4066 677 4144 quaeso,
691 4065 804 4146 potiua³
818 4085 889 4142 quae
903 4065 973 4149 haec
983 4061 1103 4145 amentia
1114 4062 1176 4147 est?—
1221 4082 1265 4152 59

782 4159 835 4248 Ff
851 4178 867 4218 a
