3700 5259
574 828 1141 883 AcTUsW.⁸cENA1st
1272 842 1306 895 u

423 931 562 1018 Pte-Ego
573 934 649 997 herc
662 934 757 995 visam.
799 934 858 993 Da.
868 934 950 1021 Qid
964 935 1014 995 tu?
1032 954 1090 1014 quo
1103 934 1170 995 hinc
1183 944 1213 993 te
1225 930 1307 1017 agie?

549 1031 599 1093 Cb.
610 1032 718 1101 Verum
731 1028 772 1089 vir
782 1028 894 1089 dicam?
914 1029 975 1091 Da.
990 1028 1082 1089 Immo
1092 1028 1187 1089 etiam.
1266 1047 1282 1089 2
1285 1045 1304 1107 5

420 1121 605 1183 Narrationis
617 1124 719 1204 incipit
731 1122 802 1184 mihi
813 1121 937 1181 initium.
961 1121 1009 1183 Ch.
1021 1119 1102 1207 Qid
1110 1142 1155 1183 me
1165 1120 1232 1183 fiet?

421 1217 483 1277 Da.
493 1219 564 1278 Eho
572 1233 606 1279 tu
615 1220 773 1299 impodem,
786 1240 843 1277 non
856 1215 923 1277 satir
937 1216 1034 1289 haber,
1048 1216 1127 1296 quod
1139 1214 1194 1277 tibi
1207 1214 1302 1277 diecu·

420 1407 577 1493 Qantum
588 1407 655 1468 huic
666 1428 819 1489 promoveo
833 1408 965 1487 nuptias?
995 1408 1044 1469 Ch.
1056 1407 1150 1479 Dave,
1167 1418 1302 1469 ammen-

550 1500 610 1559 Da.
618 1500 701 1586 Qid
712 1501 804 1582 ergo?

424 1594 474 1655 Ch.
485 1594 533 1653 Ut
545 1595 655 1654 ducam.
677 1595 737 1655 Da.
749 1591 923 1655 Ridiculum.
947 1592 995 1653 Ch.
1008 1588 1077 1651 Huc
1090 1589 1150 1651 sace
1163 1590 1203 1651 ad
1215 1612 1258 1653 me
1269 1606 1303 1653 ut

545 1686 649 1759 venias,
663 1687 682 1745 fi
696 1686 767 1765 quid
778 1685 897 1766 poteria.
1044 1672 1047 1681 Ι

421 1780 485 1839 Da.
497 1780 580 1866 Qid
591 1782 716 1841 veniam?
738 1782 809 1844 nihil
822 1783 923 1842 habeo.
967 1780 1016 1841 Ch.
1029 1778 1168 1839 Attamen
1183 1779 1203 1839 fi
1222 1779 1300 1859 quid,

548 1875 607 1934 Da.
618 1876 699 1958 Age,
712 1876 830 1935 veniam.
852 1878 901 1937 Ch.
915 1875 945 1934 Si
961 1874 1040 1952 quid,
1263 1894 1302 1953 30

422 1963 517 2029 Domi
527 1988 586 2029 ero.
608 1972 668 2031 Da.
677 1971 728 2031 Tu
737 1972 838 2051 Mysis,
855 1974 923 2032 dum
937 1992 1017 2040 exeo,
1031 1988 1181 2050 parumper
1193 1970 1303 2049 operire

547 2085 592 2123 me
604 2065 660 2125 hic.

423 2156 487 2233 My.
499 2154 703 2241 Quapropter?
728 2160 786 2217 Da.
804 2158 852 2217 Ita
864 2157 940 2217 sabio
950 2155 988 2215 est
999 2176 1081 2235 opus.
1100 2156 1162 2233 Μ)
1175 2154 1299 2221 Matura.

435 2255 439 2261 ⁴
547 2256 830 2334 Da.Jam,inqua1n‚
844 2255 892 2313 hic
902 2254 996 2325 adero,

547 2384 747 2490 Aeros¹
777 2417 831 2483 Ν.
885 2412 1076 2477 scENA
1111 2412 1172 2471 111.

702 2538 1014 2587 Mtsm.DAVU&

758 2638 882 2675 ursis.

419 2710 452 2771 N
458 2707 645 2772 IHILNE
655 2710 858 2789 effrproprium
865 2710 1009 2789 cuiquam!
1024 2680 1296 2772 Divostramfidem!

309 2816 314 2828 ’
418 2805 571 2866 Summum
578 2804 744 2880 bonumeffe
758 2805 841 2865 herae
850 2805 947 2884 putari
957 2804 1032 2891 iruna
1048 2804 1238 2885 Pamphilum,

419 2903 571 2974 Amicum,
584 2916 749 2974 amatorem,
759 2902 849 2961 virum
862 2902 891 2961 in
905 2901 1005 2979 quovis
1019 2899 1083 2959 loco

419 2997 573 3060 Paratum:
591 3018 687 3059 verum
699 3018 734 3059 ex
747 3016 780 3055 eo
794 3016 868 3059 nunc
880 2995 979 3058 misera
990 3016 1075 3075 quem
1090 2994 1171 3074 capit

420 3092 580 3152 Laborem!
597 3091 678 3152 facile
691 3092 737 3151 hic
750 3091 815 3173 plue
828 3093 894 3151 mali
908 3092 957 3163 est,
973 3114 1058 3171 quam
1068 3091 1127 3152 illic
1140 3090 1219 3169 boni.
1277 3111 1296 3175 5

420 3190 479 3248 Sed
492 3188 593 3248 Davus
606 3188 675 3249 exit,
695 3190 734 3250 mi
742 3190 840 3261 homo,
854 3190 925 3269 quid
938 3192 1006 3257 istuc
1017 3189 1184 3254 obsecro’st?

420 3283 490 3367 Qo
503 3296 601 3361 portae
614 3286 749 3363 puerum?
768 3286 827 3345 Da.
837 3285 938 3364 Myfir,
952 3308 1025 3350 nunc
1038 3310 1109 3367 opus
1124 3284 1162 3347 est
1175 3299 1224 3347 tua

418 3376 497 3439 Mihi
510 3378 548 3436 ad
560 3378 633 3437 hanc
645 3400 705 3437 rem
718 3396 885 3460 exprompta
898 3384 1033 3461 memoria
1046 3399 1133 3461 atque
1147 3382 1256 3441 astutia.

420 3472 484 3548 Μ).
495 3470 642 3554 Qudnam
651 3471 830 3552 incepturus?
853 3475 912 3537 Da·
924 3474 1036 3555 Accipe
1047 3497 1117 3538 amc
1126 3474 1297 3561 hunrociur,

420 3566 524 3644 Atque
537 3579 602 3626 ante
615 3567 735 3635 nostram
744 3570 859 3647 januam
873 3572 992 3650 adpone.
1013 3574 1076 3650 My.
1088 3570 1224 3641 Obsecro,
1261 3590 1297 3633 ro

420 3657 570 3718 Homine?
590 3658 649 3717 Da.
662 3658 708 3733 Ex
718 3680 766 3717 ara
776 3660 841 3718 hinc
850 3661 927 3721 sume
940 3665 1073 3725 verbenas
1088 3662 1156 3733 tibi,=
1177 3722 1182 3727 .

419 3757 522 3834 Atque
529 3774 576 3813 ear
583 3753 730 3817 substerne.
751 3757 814 3834 My
822 3759 1016 3843 Qamobrem
1025 3760 1055 3821 id
1062 3774 1124 3819 tute
1134 3781 1188 3846 non
1197 3758 1285 3821 facis?

419 3851 481 3910 Da.
489 3849 580 3933 Quia,
590 3850 692 3910 fifortc
702 3872 774 3930 opus
788 3852 821 3909 fit
834 3853 871 3911 ad
884 3853 982 3913 herum
992 3857 1187 3937 jusjurandum
1197 3856 1277 3925 mihi,

420 3946 659 4026 Nouadpoiuiffe,
670 3962 703 4007 ut
710 3948 819 4027 liquido
832 3948 939 4026 poffim.
961 3950 1023 4027 My.
1037 3948 1181 4031 intelligo,
1235 4008 1238 4017 ,

419 4039 501 4100 Nora
515 4061 589 4101 nunc
604 4040 706 4125 religio
716 4041 744 4118 in
758 4057 787 4103 te
802 4042 883 4101 istaec
898 4042 1013 4116 incessit,
1027 4044 1114 4121 cedo?
1221 4050 1225 4055 ’
1261 4061 1272 4111 1
1280 4060 1295 4121 5

822 4136 849 4195 E
871 4155 888 4197 ι
