3700 5259
582 811 765 864 Aenus
801 811 842 861 rv.
889 813 1072 888 senna
1106 814 1139 886 η.
1247 809 1294 875 2⁶5

401 915 466 996 ‚Ad
479 941 522 980 me
531 921 689 1001 profetiam
703 923 753 982 elle
765 923 887 1002 ajebant.
910 923 965 982 De.
977 923 1059 1008 Qid
1071 920 1129 982 illic
1142 935 1201 982 tam
1214 923 1275 994 din,

414 1017 539 1103 Quaeso,
555 1017 644 1098 igitur
654 1017 874 1087 commonebam,
889 1017 940 1076 ubi
951 1017 981 1076 id
993 1016 1155 1080 audiverat?

416 1117 464 1176 Ch.
477 1115 529 1174 Pol
551 1135 594 1172 me
615 1112 737 1172 detinuit
750 1112 874 1172 morbus.
904 1113 959 1170 De.
975 1113 1077 1172 Unde?
1097 1125 1146 1172 aut
1157 1112 1294 1191 quiich·

539 1209 658 1289 Rogas?

415 1292 549 1360 'Seneelus
563 1301 621 1378 ipsa
632 1298 670 1358 est
683 1297 809 1356 morbus.
830 1297 878 1357 sed
891 1296 988 1358 venisse
1003 1319 1049 1358 eae

415 1398 522 1466 Salvas,
535 1395 627 1454 audiri
641 1413 674 1452 ex
690 1407 786 1464 nauta,
799 1397 848 1472 qui
864 1392 927 1451 illas
941 1407 1063 1454 vexerat·
1260 1412 1296 1453 10

414 1492 469 1550 De.
479 1489 560 1574 Qm'd
568 1501 657 1570 gnato
664 1485 812 1568 obtigerit,
822 1507 866 1543 me
875 1485 997 1555 absente,
1006 1487 1148 1558 audistin’,
1157 1488 1296 1548 Chreme?

417 1587 465 1646 Ch.
477 1587 566 1670 Qod
579 1583 692 1662 quidem
706 1604 749 1641 me
763 1582 871 1642 saelum
884 1584 989 1640 consilii
1004 1584 1141 1644 incertum
1155 1584 1234 1642 sacit.

414 1679 490 1738 Nam
504 1679 576 1736 hanc
589 1675 779 1734 conditionem
791 1677 809 1734 fi
821 1676 867 1736 cui
878 1676 971 1736 tulero
982 1679 1123 1748 extrario;

414 1779 483 1861 Qo
498 1777 592 1853 padio,
607 1787 656 1832 aut
665 1774 737 1832 unde
752 1771 821 1830 mihi
832 1773 876 1842 srt,
887 1771 1036 1832 dicendum
1044 1775 1141 1832 ordine
1155 1773 1203 1832 est.

415 1871 460 1932 Te
475 1871 544 1930 mihi
558 1871 668 1930 fidelem
683 1870 734 1928 esse
745 1891 844 1948 aeque,
859 1884 946 1947 atque
953 1883 1067 1950 egomet
1080 1869 1140 1928 sum
1154 1867 1235 1941 mihi,
1259 1885 1293 1946 15

417 1969 546 2026 Scibam:
570 1965 627 2037 ille,
642 1967 661 2023 sr
676 1986 719 2023 me
734 1965 839 2024 alienus
854 1960 976 2024 adfinem
990 1965 1078 2035 volet,

415 2061 549 2131 Tacebit,
558 2063 625 2120 dum
639 2062 793 2120 intercedet
806 2060 1001 2120 familiaritate

416 2158 466 2216 Sin
478 2157 609 2236 spreverit
622 2178 677 2226 me,
691 2155 767 2236 plue,
782 2177 867 2234 quam
878 2177 950 2234 opua
960 2155 998 2214 est
1008 2154 1088 2225 scito,
1103 2153 1179 2212 sciet.

415 2253 589 2329 Vereorque,
602 2272 635 2310 ne
649 2273 720 2310 uxor
734 2250 829 2328 aliqua
843 2251 897 2308 hoc
908 2249 1036 2308 resciscat
1048 2269 1120 2308 mea.

414 2349 505 2432 Qod
514 2349 537 2404 .s1
546 2349 589 2418 fit,
600 2361 633 2406 ut
647 2368 691 2406 me
701 2345 852 2414 excutiam,
864 2358 951 2421 atque
964 2343 1093 2426 egrediar
1104 2344 1199 2409 domo,
1256 2357 1294 2400 ιο

417 2442 452 2500 Id
466 2442 558 2500 restat.
581 2463 644 2500 narn
655 2463 710 2524 ego
719 2462 845 2500 meorum
854 2439 928 2498 solua
938 2437 997 2498 sum
1012 2460 1100 2496 meua.

416 2537 470 2596 De.
483 2536 548 2594 Scio
559 2535 599 2594 ita
610 2537 675 2594 esser
698 2550 726 2594 et
739 2536 821 2596 istaec
835 2535 904 2594 mihi
915 2555 959 2594 rea
973 2531 1154 2594 sollicitudini
1164 2529 1219 2590 est:

414 2632 516 2707 Neque
529 2630 598 2688 adeo
612 2629 756 2689 defetiscar
769 2651 903 2709 umquam
917 2625 1078 2708 experirier,

415 2726 518 2786 Donec
532 2726 586 2785 tibi
594 2727 634 2797 id,
649 2728 727 2806 quod
740 2725 883 2806 pollicitus
898 2723 968 2794 sum,
983 2723 1108 2782 effecero.

415 2933 431 2984 .·
555 2887 752 2949 Aeros
789 2887 842 2946 1v.
885 2881 1078 2944 sanA
1114 2881 1157 2939 11.

788 3009 920 3056 GETA.

413 3103 503 3166 EGO
518 3102 660 3162 hominem
674 3100 846 3160 callidiorem
861 3099 917 3183 yidi
928 3098 1077 3168 neminem,

411 3206 509 3288 Qam
521 3200 731 3258 Phormionum.
754 3197 833 3255 venio
847 3197 884 3254 ad
896 3195 1050 3263 hominem,
1064 3206 1096 3253 ut
1110 3189 1243 3259 dicerem,

411 3297 547 3378 Argento
558 3314 629 3372 opus
644 3292 704 3361 elle,
719 3303 747 3350 et
756 3289 786 3348 id
796 3311 853 3368 quo
862 3291 948 3368 padio
961 3290 1049 3347 fieret.

410 3389 537 3446 Vixdum
552 3383 699 3442 dimidium
713 3381 848 3452 dixeram,
861 3380 1046 3440 intellexerat.

315 3466 325 3474 ἡ
412 3482 584 3542 Gaudebat:
604 3498 648 3536 me
659 3477 808 3535 laudabat:
831 3475 985 3552 quaerebat
998 3472 1106 3532 senemr
1272 3483 1289 3543 5

411 3580 470 3638 Dis
482 3575 589 3658 gratias
598 3572 712 3654 agebat,
727 3585 838 3650 tempus
852 3569 902 3628 fibi
916 3569 989 3640 dari,

411 3673 474 3733 Ubi
489 3669 642 3730 Phaedriae
652 3670 678 3728 se
691 3665 847 3728 ostenderet
861 3663 950 3723 nihilo
964 3663 1055 3722 minua

409 3765 548 3824 Amicum
560 3763 620 3832 esse,
636 3782 720 3840 quam
732 3757 905 3839 Antiphoni.
927 3757 1069 3816 hominem
1083 3751 1221 3813 adsorum

407 3861 477 3939 Juffi
492 3859 610 3940 operiri:
633 3880 666 3917 eo
675 3878 719 3914 me
730 3855 780 3914 elle
795 3853 981 3912 addudurum
996 3849 1096 3908 senem.

408 3960 467 4016 Sed
481 3978 576 4016 eccum
585 3955 684 4034 ipsum.
706 3951 769 4030 quis
781 3949 818 4009 est
828 3946 963 4016 ulterior?
982 3946 1057 4003 atat!
1082 3938 1236 4000 Phaedriae
1255 3957 1291 4000 ιο

394 4051 494 4112 -Pater
502 4039 588 4110 vehit.
609 4049 656 4130 sed
666 4043 993 4196 quidpertimuilautem,
1007 4037 1119 4100 bellua?

828 4139 856 4198 L
