3700 5259
561 822 610 867 gu
824 802 850 851 H
883 802 904 849 Ε
938 800 960 851 G
992 800 1015 849 Y
1048 800 1074 847 R
1106 800 1139 849 Α

560 911 651 975 Simul
663 922 756 971 rereol
767 910 959 991 Pamphilum,
970 931 1004 969 ne
1012 922 1094 969 orata
1102 906 1193 967 nostra
1204 918 1325 985 nequeat
1334 905 1442 966 diutina

561 1008 671 1078 Celare,
685 1026 772 1085 quum
782 1004 849 1065 sciet
860 1005 982 1065 alienum
990 1026 1108 1087 puerum
1118 1001 1182 1062 tolli
1191 1022 1244 1081 pro
1258 998 1318 1058 suo.

672 1164 897 1229 ‘AcTUs
931 1164 985 1228 IV.
1028 1161 1297 1229 SCENAII.

724 1290 972 1338 sosTRATA.
1000 1289 1271 1337 PAMPHlLUS.

893 1389 1102 1429 nosram.

558 1462 657 1525 NON
666 1462 739 1523 clam
750 1484 794 1523 me
805 1464 853 1533 cll,
863 1478 950 1549 gnate
964 1464 1014 1536 mi,
1028 1464 1083 1525 tibi
1093 1486 1138 1524 me
1149 1454 1200 1525 elie
1210 1464 1377 1546 sulpeum,
1385 1484 1437 1525 ux·

677 1582 755 1621 orem
769 1574 847 1619 tuam
1088 1610 1092 1617 .

558 1644 678 1731 Propter
689 1672 764 1711 meoa
779 1672 869 1711 mores
878 1650 945 1710 hinc
955 1650 1052 1711 abill'e:
1068 1652 1117 1711 etsr
1128 1672 1159 1711 ea
1169 1644 1321 1713 dillimulaa
1333 1650 1438 1712 sedulo.

555 1744 673 1818 Verum,
688 1746 728 1807 ita
742 1767 786 1805 me
801 1746 843 1805 Dr
858 1760 962 1817 ament,
980 1745 1077 1826 itaque
1090 1747 1243 1831 obtingant
1256 1769 1290 1808 ex
1304 1761 1344 1818 te,
1365 1768 1439 1826 qnae

677 1856 781 1923 exopto
792 1840 871 1912 mihi,

557 1936 601 1997 Ut
613 1959 763 2015 numquam
776 1936 860 1995 sciens
875 1936 1038 2005 commerui,
1053 1934 1155 2018 merito
1167 1950 1199 1996 ut
1213 1952 1326 2017 caperet
1340 1939 1436 1997 odium

678 2031 811 2113 illaflmeir
1004 2101 1020 2112 ..
1054 2102 1083 2113 ..
1385 2100 1390 2110 ι

556 2126 657 2205 Teque
672 2141 735 2185 ante
747 2146 831 2203 quam
842 2144 886 2183 me
897 2143 990 2183 amare
1000 2125 1093 2194 rebar,
1108 2111 1133 2183 ei
1147 2125 1187 2204 rei
1200 2124 1315 2184 firmasti
1326 2126 1421 2184 fidem.

555 2216 630 2279 Nam
641 2220 709 2279 milri
720 2220 795 2279 intua
807 2236 872 2279 tuua
883 2232 964 2298 pater
975 2220 1100 2278 narravit
1111 2222 1206 2292 modo,
1222 2242 1280 2301 quo
1293 2222 1380 2299 pallo
1390 2242 1436 2279 me

676 2312 806 2373 habueris
1069 2386 1074 2395 .
1415 2316 1436 2373 6

555 2406 744 2487 Praepositam
758 2407 847 2469 amori
860 2420 921 2466 tuo.
948 2389 1094 2465 nuncubi
1108 2429 1152 2467 me
1165 2422 1272 2468 certum
1286 2410 1325 2468 eil
1336 2424 1435 2469 contra

666 2503 789 2585 gratiam
978 2579 981 2589 Ι

556 2594 681 2665 Referre,
696 2609 728 2654 ut
738 2597 814 2675 apud
825 2616 867 2655 me
878 2593 1033 2675 praemium
1046 2593 1097 2653 ell'e
1110 2594 1230 2675 positum
1240 2594 1344 2675 pietati
1354 2595 1432 2654 sciat.

553 2686 598 2751 Mi
612 2686 769 2767 Pamphile,
783 2688 837 2747 hoc
851 2702 880 2747 et
899 2688 989 2760 vobis,
1009 2701 1039 2746 et
1052 2708 1128 2747 meae
1142 2690 1322 2748 commodum
1343 2689 1433 2749 famae

669 2780 812 2855 ⁴arbitrorr
1412 2804 1432 2861 9

555 2878 622 2961 Ego
628 2900 673 2937 rua
681 2876 820 2939 abituram
826 2878 891 2939 hinc
897 2892 1018 2939 cumtuo
1026 2898 1070 2937 me
1076 2878 1127 2937 elle
1133 2890 1210 2937 certo
1216 2878 1329 2937 decrevi
1335 2894 1430 2960 patrer

554 2972 598 3033 Ne
609 2996 670 3033 mea
679 2975 833 3053 praesentia
843 2976 944 3047 obstet,
959 2999 1013 3039 neu
1026 2976 1107 3037 causa
1121 2976 1178 3035 ulla
1187 2976 1269 3034 restet
1282 2976 1412 3057 relliqua,

552 3068 632 3155 Qin
641 3082 690 3127 tua
702 3068 866 3130 Philumena
874 3073 911 3131 ad
919 3086 948 3131 te
958 3073 1064 3131 redeat.
1086 3073 1142 3130 Pa.
1151 3070 1275 3157 Quin,
1284 3072 1356 3149 quid
1363 3072 1430 3130 istuc

674 3162 780 3223 confilii
791 3166 847 3225 est?

554 3254 635 3317 Illius
647 3253 763 3315 stultitia
774 3258 856 3330 viiia,
871 3270 904 3319 e'x
916 3260 985 3319 urbe
996 3273 1028 3319 tu
1038 3280 1085 3318 rua
1097 3256 1256 3315 habitatum
1271 3256 1395 3339 migres?

553 3352 618 3413 Non
630 3348 729 3412 facies:
745 3374 834 3431 neque
843 3355 938 3425 finam,
953 3368 997 3424 ut,
1011 3354 1061 3435 qui
1075 3350 1168 3424 nobis,
1182 3367 1282 3425 mater,
1297 3355 1427 3415 maledic·

673 3462 734 3508 tum
747 3446 824 3520 velit,

552 3542 619 3603 Mea
630 3543 782 3622 pertinacia
796 3546 846 3607 elle
857 3546 933 3607 dicat
944 3546 1060 3617 fufium,
1074 3546 1151 3605 haud
1164 3559 1213 3605 tua
1225 3546 1367 3606 modestia.
1393 3564 1424 3624 15

552 3640 628 3699 Tum
640 3654 702 3701 tuae
717 3642 818 3703 amicas
833 3657 871 3714 te,
886 3658 914 3705 et
928 3657 1063 3726 cognatas
1077 3641 1210 3710 deserere,
1224 3655 1253 3699 et
1266 3640 1349 3729 seiton
1358 3641 1425 3708 dier,

551 3732 619 3791 Mea
632 3732 722 3803 caula,
732 3736 807 3795 nolo.
829 3739 873 3797 So.
882 3736 962 3796 Nihil
972 3734 1020 3815 pol
1030 3739 1090 3816 jam
1101 3758 1143 3795 rea
1155 3735 1236 3794 istaec
1247 3736 1318 3795 mihi
1328 3735 1424 3815 volup·

671 3828 738 3889 tatia
751 3828 860 3891 ferunt:

551 3922 631 3982 Dum
646 3938 733 3995 aetas,
747 3912 857 4007 tempua
866 3926 944 3999 tulit,
954 3927 1174 4008 perfunilasatia
1185 3928 1259 3997 sum:
1275 3928 1358 3993 satias
1367 3930 1426 4010 jam

671 4031 747 4079 tenet
