3700 5259
533 859 715 912 Ac‘ros
750 853 782 910 tr.
830 857 1012 910 scurra
1048 864 1094 912 ur.
1205 849 1254 923 257

375 965 426 1029 Ph.
438 969 500 1040 Ha>
514 969 561 1040 ha,
577 970 627 1028 he!
649 969 735 1027 hom'o
750 966 848 1026 suavia.
878 967 932 1026 De.
943 966 1025 1051 Qid
1037 968 1093 1029 est?
1114 984 1180 1028 uurn
1194 969 1253 1027 ini-⁴

384 1051 386 1054 Ι
489 1081 576 1144 quum
588 1063 717 1144 postulo?
1166 1060 1169 1066 ’

370 1157 421 1232 An
434 1179 467 1218 ne
475 1159 530 1218 hoc
541 1157 654 1236 quidem
665 1155 801 1236 adipiscar
814 1174 880 1236 ego,
896 1154 1026 1232 quodjue
1036 1156 1182 1234 publicum
1192 1159 1247 1218 est?

371 1253 424 1310 Ph.
438 1254 519 1311 Itan'e
530 1252 653 1321 tandem,
667 1248 786 1330 quaeso?
805 1248 883 1318 item,
900 1253 931 1306 ut
941 1249 1124 1324 meretricem,
1138 1252 1184 1312 ubi
1193 1254 1243 1311 ab·

497 1345 559 1405 usus
574 1348 619 1415 fis,
1050 1350 1053 1356 ’
1209 1349 1248 1406 66

368 1439 530 1499 Mercedem
544 1441 610 1498 dare
621 1438 665 1497 lex
672 1438 754 1518 jubet
770 1435 805 1503 ei,
818 1448 903 1514 atque
914 1436 1060 1497 amittere?
1073 1461 1119 1510 au,

369 1531 412 1594 Ut
428 1557 462 1594 ne
473 1536 543 1614 quid
553 1549 636 1614 turpe
645 1534 712 1592 civis
726 1533 755 1591 in
766 1531 792 1590 se
801 1531 972 1603 admitteret,

368 1627 490 1707 Propter
503 1616 664 1712 egestatem,
678 1627 882 1706 proximojuisa
892 1627 924 1686 'st
938 1625 1010 1700 dari,

367 1722 412 1780 Ut
423 1739 488 1781 cum
498 1735 553 1782 uno
565 1729 685 1782 aetatem
696 1721 828 1802 degeret?
845 1724 923 1799 quod
936 1736 968 1782 tu
979 1737 1067 1783 vetas.
1206 1740 1246 1799 70

367 1815 422 1876 De.
434 1817 491 1887 Ita,
500 1815 636 1896 proxumo
646 1815 771 1896 quidem:
785 1823 815 1871 at
824 1827 873 1873 nou
881 1817 973 1876 unde?
986 1831 1036 1877 aut
1045 1815 1246 1895 quamobrem?

495 1911 639 1972 Pnohe!

369 2005 493 2077 Adium,
505 2009 594 2087 aJunt,
605 2025 638 2066 ne
649 2023 727 2088 agas.
750 2001 804 2065 De.
817 2003 883 2064 Non
894 2007 997 2088 agam?
1014 2004 1100 2065 immo
1107 2006 1185 2065 haud
1195 2006 1243 2064 de·

492 2099 588 2169 sinam,
679 2119 681 2124 ’
966 2099 970 2108 ’

366 2194 471 2253 Donec
484 2193 627 2272 perfecero
642 2192 706 2250 hoc.
731 2192 783 2250 Ph.
796 2191 913 2270 Ineptia.
936 2187 989 2252 De.
1000 2194 1065 2255 Sine
1079 2197 1173 2257 modo.

368 2287 424 2346 Ph.
439 2288 583 2346 Postremo
597 2301 690 2344 tecum
705 2283 774 2344 nihil
788 2287 828 2345 rei
840 2287 932 2358 nobis,
944 2289 1089 2370 Demipho
1103 2291 1151 2351 est.

369 2384 455 2444 Tuon
467 2385 504 2443 est
515 2385 662 2442 damnatus
674 2395 789 2466 gnatus,
804 2403 859 2440 non
868 2396 914 2441 tu:
928 2401 992 2441 nam
1005 2397 1055 2442 tua
1207 2406 1224 2464 7
1226 2405 1243 2467 ς

363 2481 552 2540 Praeterierat
562 2483 622 2559 jam
633 2479 831 2536 adducendum
841 2491 928 2536 aetas.
950 2477 1004 2535 De·
1014 2477 1117 2538 Omnia
1126 2477 1195 2539 haec

363 2575 454 2635 lllum
464 2589 576 2654 putato,
592 2591 664 2651 quae
678 2591 733 2652 ego
745 2593 816 2630 nunc
827 2571 901 2643 dico,
916 2572 1025 2632 dicere:

362 2669 433 2729 Aut
444 2670 555 2747 quidem
566 2689 630 2728 cum
643 2667 803 2737 manichae,
818 2665 907 2748 ipsum
922 2668 1079 2746 prohibebo
1092 2669 1187 2728 domo.

364 2767 417 2824 Ge.
434 2765 527 2824 Iratus
542 2765 590 2823 est.
612 2765 665 2822 Ph.
675 2761 753 2821 Tute
764 2762 838 2821 idem
847 2763 945 2820 melius
961 2763 1067 2823 feceris.
1227 2834 1230 2838 ι

363 2859 422 2916 De.
433 2857 514 2916 Itane
523 2879 552 2916 ea
566 2869 680 2936 paratus
692 2855 783 2914 facere
793 2877 837 2914 me
848 2856 996 2916 advorsum
1008 2856 1113 2930 omnia,
1142 2881 1158 2902 ‘
1204 2860 1245 2921 80

363 2951 488 3010 Infelix?
503 2953 556 3010 Ph.
566 2949 671 3010 Metuit
686 2949 732 3007 hic
747 2971 808 3019 nos,
820 2951 928 3008 tametsi
939 2951 1034 3009 sedulo

360 3044 538 3106 Diffimulat.
562 3047 611 3106 Ge.
623 3045 699 3104 Bene
717 3045 821 3104 habent
840 3043 894 3104 tibi
913 3043 1062 3125 principia.
1084 3047 1139 3106 Ph.
1148 3046 1240 3134 Qiu,

490 3138 615 3218 quodest

360 3233 534 3304 Ferendum,
549 3232 631 3292 ferae.
652 3232 708 3292 tuis
722 3232 841 3317 dignum
853 3231 935 3292 fadis
949 3229 1062 3292 feceris:
1098 3226 1100 3231 ¹

359 3333 407 3392 Ut
420 3329 503 3388 amici
514 3329 586 3389 iuter
595 3349 644 3387 nos
656 3327 748 3386 fimus.
771 3329 824 3388 De.
838 3327 935 3410 Egon’
946 3342 1024 3387 tuam
1038 3344 1167 3408 expetam

358 3423 553 3484 Amicitiam?
566 3437 616 3482 aut
629 3436 657 3482 te
672 3422 769 3492 visum,
784 3437 833 3484 aut
844 3422 971 3483 auditum
981 3423 1084 3484 velim?
1204 3429 1242 3511 85

360 3523 420 3580 Ph.
430 3521 460 3580 Si
470 3517 652 3578 concordabis
661 3537 725 3576 curn
736 3515 794 3587 illa,
805 3518 934 3589 habebis,
946 3539 1016 3598 quae
1029 3534 1109 3579 tuam

359 3616 544 3676 Seneeiutem
555 3611 688 3671 oblectet.
713 3611 816 3689 respice
827 3626 948 3671 aetatem
961 3627 1048 3671 tuam.
1059 3631 1062 3637 ’

360 3707 478 3770 Dare
492 3707 629 3766 obtentu
652 3703 706 3763 uu
720 3703 802 3763 nabe.
832 3705 994 3766 ramme
1007 3725 1072 3765 vero
1086 3706 1166 3766 num.
1188 3693 1243 3770 ne.

489 3800 558 3861 Hoc
569 3820 638 3882 age:

360 3896 509 3976 Satisjam
523 3896 668 3955 verborum
680 3893 727 3952 est.
750 3893 798 3952 ntfi
809 3907 841 3952 tu
854 3913 988 3973 properas
1000 3893 1144 3954 mulierem

357 3992 530 4061 Abducere,
545 4013 600 4073 ego
611 3989 688 4048 illam
702 3989 820 4068 ejiciam.
841 3988 911 4058 dixi,
926 3987 1070 4046 Phormio.
1203 4013 1244 4069 90
1270 4055 1273 4058 ἢ

360 4086 422 4146 Pb.
432 4085 463 4145 si
472 4099 504 4146 tu
512 4085 590 4145 illam
599 4083 734 4166 adtigerit
744 4083 830 4238 felepa,
840 4103 925 4163 quam
934 4082 1052 4164 dignum
1060 4081 1242 4159 est‚liberanr,

812 4178 833 4238 k
