3700 5259
568 833 815 886 ncrusn.
858 801 1106 879 sennan.
1259 832 1291 896 ε,

400 947 550 1008 Summum
572 943 652 1003 suum
671 940 801 1022 impertit
820 938 949 999 Gnatho.
983 938 1067 1025 Qid
1085 938 1202 1021 agitur?
1233 945 1290 1002 Pa.

528 1041 641 1099 Statur.
673 1039 728 1096 Gn.
743 1034 846 1094 Video.
924 1031 929 1077 '-
1252 1059 1295 1115 40

404 1141 484 1202 Num
499 1135 637 1217 quidnam
647 1132 730 1212 quod
745 1127 830 1198 nolis,
840 1127 935 1187 vides?
956 1131 1015 1189 Pa.
1023 1129 1079 1189 Te.
1112 1133 1169 1192 Gn.
1181 1132 1292 1192 Credo:

526 1242 560 1297 ¹at
575 1223 714 1304 numquid
728 1222 825 1282 aliud?

405 1332 466 1389 Pa.
478 1325 540 1412 Qu
554 1323 651 1403 dum?-
664 1323 719 1380 Gn.
730 1315 810 1404 Qia
824 1317 909 1376 tristia
926 1339 966 1376 es.
976 1323 1045 1386 Pa.
1057 1321 1139 1380 Nihil
1149 1321 1292 1401 equidem.

530 1423 587 1480 Gna
601 1417 645 1476 Ne
657 1415 706 1474 fis:
730 1413 778 1472 led
791 1411 862 1490 quid
875 1411 986 1472 videtur

402 1519 472 1602 Hoo
483 1515 539 1576 tibi
551 1511 743 1591 mancipium?
764 1512 821 1568 Pa.
834 1506 900 1566 Non
915 1508 1021 1568 malum
1035 1510 1138 1569 hercle.
1162 1513 1219 1572 Gn.
1231 1513 1297 1573 Uro

464 1605 468 1612 ¹
527 1608 681 1670 hominem.
705 1597 761 1664 Pa.
775 1603 819 1662 Ut
834 1599 919 1660 salsus
932 1601 1019 1660 animi
1029 1603 1076 1661 'stl

404 1711 460 1770 Gn·
469 1709 567 1792 Qam
576 1705 631 1762 hoc
642 1719 742 1760 munus
753 1712 869 1780 gratum
878 1693 988 1756 Thaidi
997 1697 1136 1758 arbitrare
1144 1698 1217 1760 else?
1237 1703 1294 1760 Pn.

528 1792 598 1861 Hoc
611 1818 685 1858 nunc
695 1795 778 1865 dicis,

402 1902 520 1982 Ejetlos
535 1898 601 1958 hinc
614 1916 681 1954 noar
704 1890 829 1950 omnium
840 1911 946 1960 rerum,
960 1890 1042 1960 heus,
1052 1888 1208 1949 vicissitudo
1218 1891 1267 1954 est.

403 2001 461 2059 Gn.
475 1999 531 2055 Sex
542 2016 597 2076 ego
611 2005 640 2052 te
650 2003 740 2058 totos,
751 1986 905 2068 Parmeno.
914 1984 966 2041 hoo
976 1983 1082 2044 menses
1092 1983 1220 2063 quietum
1231 1988 1294 2067 red-

529 2090 612 2148 dama
707 2109 710 2120 ·
1254 2083 1296 2159 46

397 2163 451 2247 'Ne
460 2183 576 2252 furlum,
586 2178 714 2240 deorsum
723 2176 849 2245 cursitet,
860 2197 926 2234 neve
937 2175 1024 2255 usque
1033 2177 1070 2234 ad
1079 2173 1171 2235 lucem
1180 2176 1294 2260 vigiles.

403 2277 523 2358 Ecquid
535 2278 589 2336 beo
606 2273 652 2332 te?
674 2275 730 2330 Pa.
744 2269 824 2328 Men'
832 2271 842 2328 ἒ
861 2273 966 2350 papae!
1000 2272 1055 2329 Gn.
1071 2269 1119 2328 Sic
1130 2269 1206 2328 soleo
1222 2271 1293 2330 ami-

531 2393 594 2428 eos.
614 2371 671 2428 Pa.
684 2365 799 2424 Laudo.
811 2419 815 2430 ,
1168 2399 1172 2406 .

405 2469 464 2528 Gn.
478 2466 606 2528 Detineo
616 2479 645 2522 te
657 2458 784 2520 fortallea
806 2472 838 2516 tu
847 2459 992 2540 proledlun
1007 2459 1063 2518 alio
1074 2459 1178 2519 fueras.

403 2568 468 2643 Pa.
476 2559 633 2638 Nusquam.
667 2557 722 2615 Gn.
734 2551 811 2612 Tum
826 2569 858 2612 tu
868 2553 962 2636 igitur
976 2555 1124 2634 paululum
1133 2557 1169 2614 da
1183 2555 1254 2615 mihi
1263 2578 1295 2616 o·

528 2673 629 2734 perae:
644 2649 689 2708 lac
698 2661 731 2708 ut
745 2646 893 2706 admittar.
1259 2672 1297 2733 50

285 2753 288 2762 '
402 2749 459 2812 Ad
472 2743 560 2806 illam.
594 2748 650 2804 Pa.
665 2742 736 2825 Age
749 2743 845 2816 modo,
864 2765 939 2804 nunc
955 2745 1009 2805 uti
1022 2758 1124 2826 patent
1140 2744 1216 2806 soree
1231 2747 1296 2815 hae,

523 2839 592 2922 quia
607 2839 687 2927 istam
697 2837 787 2896 ducis.

405 2940 465 3002 Gn.
476 2937 555 2998 Num
566 2953 652 3014 quem
665 2931 775 2990 evocari
789 2933 856 2992 hinc
869 2934 911 2994 vis
929 2932 1023 2994 forae?
1044 2937 1102 2996 Pa.
1118 2933 1197 3007 Siue,
1210 2936 1295 2997 bidu·
1322 2953 1325 2961 ’

528 3033 641 3094 umhoc
655 3043 832 3110 praetereat:

404 3128 470 3217 Qi
481 3128 551 3188 mihi
565 3147 639 3186 nunc
648 3147 704 3185 uno
715 3123 842 3208 digitulo
852 3123 928 3186 fores
941 3124 1034 3205 aperis
1047 3123 1222 3199 fortunatus,

404 3228 469 3287 Nae
480 3241 513 3284 tu
524 3223 600 3294 istae,
615 3222 693 3293 faxo,
707 3221 832 3282 calcibus
848 3221 929 3302 saepe
944 3219 1094 3282 insultabis
1103 3223 1213 3284 frustra.

407 3323 465 3385 Gn.
482 3321 580 3382 Etiam
595 3340 668 3378 nunc
682 3317 729 3378 hic
749 3317 814 3388 stas,
829 3317 987 3377 Parmeno?
1007 3319 1077 3378 eho!
1100 3341 1233 3380 numnam
1247 3319 1295 3379 hic

531 3415 646 3474 relidlua
661 3413 763 3484 custos,
1258 3434 1273 3493 5
1277 3431 1295 3491 ς

406 3515 455 3576 Ne
466 3513 530 3594 quia
541 3513 615 3572 forte
625 3507 817 3570 internuncius
824 3505 897 3564 clam
906 3528 922 3564 a
930 3505 1027 3566 Milite
1034 3509 1070 3566 ad
1077 3507 1158 3566 istam
1165 3507 1298 3567 eurfitet?

407 3613 466 3670 Pa.
479 3607 583 3666 Facete
591 3605 710 3664 dietum.
732 3601 803 3662 mira
814 3619 878 3660 vera
889 3599 980 3660 Militi
990 3624 1064 3681 quae
1074 3601 1215 3681 placeant.

407 3705 467 3765 Sed
475 3703 558 3762 video
572 3700 690 3760 herilem
704 3697 794 3758 filium
808 3695 946 3756 minorem
955 3696 1010 3754 huc
1020 3695 1160 3754 advenire.

406 3795 503 3860 Miror
517 3794 636 3874 quidex
657 3793 776 3853 Piraeeo
797 3789 917 3850 abierit:
939 3811 1004 3848 narn
1018 3789 1059 3847 ibi
1073 3790 1163 3850 custos
1182 3788 1297 3871 publice

531 3888 570 3948 est
582 3907 666 3948 nune.
800 3949 803 3956 ¹

407 3985 478 4047 No'n
485 3998 590 4046 temere
601 3983 640 4042 est
646 4006 656 4056 ς
678 3996 707 4044 et
714 3988 871 4064 properans
882 3979 973 4042 venit:
992 3978 1084 4042 nelcio
1095 3980 1166 4062 quid
1174 3979 1299 4045 circum·¹

534 4081 652 4163 spedat·
924 4123 925 4126 η
1255 4077 1297 4138 60
