3700 5259
637 810 1164 865 AcTU81.801NA11.
1311 824 1366 871 1¹*

462 919 508 978 Ne
517 918 581 978 edet
589 913 710 999 spatium
723 922 870 1005 cogitandi
883 924 921 981 ad
933 920 1126 983 disturbandue
1137 922 1259 1003 nuptiae.
1305 938 1337 985 ιι

350 1036 358 1045 ’
459 1016 580 1075 Astute!
618 1019 661 1075 Si.
682 1016 834 1087 Carnufex,
846 1017 1070 1097 quaeloquitur!
1090 1021 1164 1079 Da.
1182 1014 1279 1079 Herus
1291 1020 1340 1090 est,

582 1128 673 1189 neque
685 1106 871 1191 providerem.

460 1202 503 1263 Si.
511 1204 603 1263 Dave.
613 1202 763 1276 Da.Hem‚
769 1206 840 1286 quid
845 1207 896 1266 est?
908 1208 1086 1267 &Ehodum
1093 1210 1129 1267 ud
1135 1220 1188 1266 me.
1198 1204 1340 1294 DeQid

542 1299 589 1357 hic
597 1299 675 1359 volt?
693 1304 735 1359 Si.
746 1301 896 1385 Qidaiu?
916 1302 975 1359 Da.
987 1303 1153 1387 Qadere?
1168 1305 1209 1360 Si.
1224 1302 1340 1383 Rogas?

459 1387 561 1451 Meum
574 1404 693 1472 gnatum
707 1410 802 1454 rumor
815 1393 965 1452 estemare.
988 1394 1047 1453 Da.
1064 1394 1099 1451 Id
1112 1392 1234 1473 populun
1246 1405 1337 1465 curet,

582 1483 700 1541 scilicet!
1245 1526 1247 1531 ,

459 1582 504 1637 Si.
527 1580 657 1637 Hocciue
667 1578 739 1660 agiu,
754 1598 790 1635 an
801 1579 875 1637 non?
896 1579 955 1639 Da.
971 1579 1037 1661 Ego
1047 1600 1111 1636 vero
1123 1576 1200 1636 istuc.
1222 1578 1264 1635 Si.
1281 1576 1338 1637 Sed

581 1689 654 1731 nunc
664 1694 697 1731 ea
710 1690 754 1731 me
764 1673 921 1751 exquirere,
1300 1692 1333 1750 15

458 1763 557 1843 Iniqui
573 1764 663 1843 patris
676 1764 724 1823 est.
746 1786 820 1836 nam,
832 1767 912 1844 quod
924 1766 1044 1824 antehac
1059 1764 1136 1836 fecit,
1155 1764 1225 1823 nihil
1239 1766 1275 1823 ad
1291 1788 1335 1825 me

564 1861 691 1919 ¹attinet.

457 1957 541 2017 Dum
548 1968 659 2035 tempus
670 1958 706 2029 ad
716 1976 777 2015 eam
791 1978 850 2015 rem
860 1956 938 2028 tulit,
953 1956 1010 2027 sivi,
1025 1955 1149 2013 animum
1162 1964 1195 2011 ut
1209 1951 1335 2032 expleret

578 2052 672 2110 suum:

454 2143 543 2206 Nune
555 2144 602 2202 hic
611 2144 670 2203 dieu
681 2145 765 2202 alium
779 2144 864 2203 vitam
875 2144 977 2213 adfert,
992 2140 1061 2200 ulios
1071 2160 1161 2200 mores
1170 2138 1302 2219 postulet.

455 2242 573 2301 Dehinc
582 2242 702 2320 postulo,
714 2242 766 2300 five
775 2258 896 2318 aequum
910 2236 954 2309 Ἢ,
969 2252 997 2296 te
1011 2258 1072 2307 oro,
1089 2237 1181 2306 Deve,
1196 2238 1332 2296 utredeet

573 2336 672 2414 jamin
685 2338 768 2396 viam.
797 2328 799 2336 ἱ

453 2431 518 2489 Da.
531 2424 598 2487 Hoc
611 2430 682 2508 quid
696 2432 747 2490 fit?
779 2435 820 2490 Si.
835 2427 942 2490 Omne·
961 2428 1010 2508 qui
1024 2440 1129 2497 amant,
1146 2425 1270 2509 graviter
1280 2424 1331 2485 fibi

578 2526 875 2586 dariuxoremferuut.
1291 2541 1330 2582 20

451 2620 517 2682 Da.
534 2621 579 2681 Itu
589 2624 677 2701 ajunt.
708 2626 749 2681 Si.
764 2622 842 2681 Tum
855 2620 947 2700 ssquie
962 2612 1125 2701 magistrum
1134 2616 1210 2697 cepit
1224 2617 1330 2677 adeam

511 2751 514 2757 ,
574 2740 633 2777 rem
644 2718 814 2797 improbum,

449 2808 551 2890 Ipsum
561 2810 683 2869 uuimum
694 2822 842 2892 aegrotum
852 2810 889 2869 ed
901 2809 1068 2869 deteriorem
1081 2819 1191 2887 partem
1204 2800 1327 2885 pierum-

574 2924 629 2983 que
642 2903 774 2983 adplicat.

395 3020 421 3045 ὀ
445 2998 512 3058 Da.
533 2996 598 3056 Nou
612 2998 705 3057 hercle
718 2998 858 3081 intelligo.
894 3000 935 3058 Si.
957 2996 1041 3057 Nou?
1061 2996 1134 3055 hem.
1165 2993 1225 3053 Da.
1243 2993 1326 3055 Nune

423 3153 432 3180 ι,
572 3093 671 3152 Davus
686 3092 755 3162 ium,
770 3114 826 3150 uon
841 3091 979 3171 Oedipus·

444 3188 495 3247 Si.
515 3184 623 3265 Nempe
642 3206 711 3268 ergo
731 3198 828 3264 aperte
849 3181 901 3255 vis,
927 3202 999 3263 quae
1022 3182 1135 3251 restant,
1159 3200 1204 3239 me
1230 3179 1327 3261 loqui?

515 3310 519 3318 ·
571 3282 630 3340 Da.
650 3283 725 3341 Saue
739 3279 862 3360 quidem.
1010 3280 1012 3285 ’
1265 3274 1269 3281 ’

442 3366 494 3436 Si.
504 3374 535 3434 Si
544 3376 648 3435 sensero
655 3377 740 3436 hodie
754 3378 909 3455 quidquam
919 3375 948 3435 iu
962 3377 1006 3437 his
1020 3390 1049 3436 te
1059 3376 1164 3456 nuptiis
1286 3382 1302 3432 ι’
1305 3392 1323 3453 5

444 3470 589 3531 Fallaciae
595 3470 703 3540 conari,
716 3492 774 3549 quo
787 3469 856 3529 fiunt
864 3470 971 3530 minus:

441 3554 516 3611 Aut
524 3552 593 3611 velle
603 3553 632 3610 in
641 3574 674 3611 ea
682 3574 712 3610 re
720 3552 836 3620 ostendi,
845 3573 931 3630 quum
941 3554 974 3611 su
983 3550 1116 3613 callidus:

439 3647 620 3709 Verberibus
633 3646 742 3705 caesum
755 3659 795 3717 te,
811 3647 904 3720 Deve,
921 3648 951 3707 iu
964 3648 1110 3728 pistrinum
1123 3645 1224 3705 dedam
1237 3644 1324 3725 usque

567 3741 603 3799 ab
612 3762 723 3811 necem
1193 3740 1323 3819 [molam.

437 3841 493 3901 Ea
505 3837 666 3919 legemque
678 3838 781 3907 omine,
790 3852 834 3909 ut,
847 3838 904 3897 iite
913 3839 978 3898 inde
991 3838 1150 3909 exemerim,
1162 3858 1217 3920 ego
1228 3858 1280 3917 pto
1293 3852 1323 3897 te

434 3946 546 4033 Qid?
561 3944 619 4004 hoc
637 3943 823 4008 intellextiu'?
841 3970 877 4007 au
894 3950 1018 4010 nondum
1037 3950 1122 4011 etiam
1139 3966 1173 4009 ne
1186 3949 1241 4007 hoc
1257 3946 1321 4025 qui-

567 4041 649 4101 dem?
669 4042 728 4111 Da.
741 4042 834 4101 Immo
842 4042 958 4184 egilidee
1284 4056 1323 4119 30

901 4142 917 4182 2
