3700 5259
382 502 452 520 ιπ-η-
480 502 485 525 3
510 502 931 524 ττνῃ·’ω’-νην···------··,π··νν-Ἴ
1010 502 1165 519 ivn-rura·-

405 1875 408 1881 ’
520 1885 583 1971 Qi
593 1898 712 1967 gnatum
719 1883 851 1945 haberem
861 1881 913 1941 tali
927 1881 1042 1964 ingenio
1052 1883 1220 1962 praeditum.

526 744 542 796 8
801 740 1117 791 ANDKIA.

525 829 680 910 Dicebanl,
694 849 744 897 aut
751 834 933 903 Niceratum
955 854 1018 893 nam
1032 834 1061 892 hi
1072 848 1129 894 tres
1139 849 1200 897 tum
1213 838 1291 899 simul
1358 847 1409 905 6ο

524 935 682 995 Amabant.
704 931 781 1001 Eho,
792 930 862 1008 quid
870 928 1052 1009 Pamphilus?
1071 930 1170 1017 Qid?
1188 932 1344 1012 symbolam

525 1026 627 1096 Dedit,
636 1024 774 1084 coenavit.
785 1022 953 1105 gaudebam.
977 1023 1051 1081 Item
1061 1022 1117 1083 alio
1128 1024 1173 1085 die

522 1124 717 1211 Qaerebam:
738 1120 956 1201 comperiebam,
970 1118 1040 1177 nihil
1051 1121 1087 1179 ad
1097 1120 1276 1203 Pamphilum

522 1219 688 1304 Qidquam
699 1214 841 1275 adtinere:
863 1214 1002 1272 enimvero
1011 1214 1164 1295 speciatum
1177 1218 1242 1277 satis

524 1314 674 1382 Putabam,
683 1324 713 1371 et
722 1330 858 1393 maguum
867 1308 1025 1389 exemplum
1035 1311 1239 1371 continentiae:
1357 1315 1401 1391 65

522 1409 658 1489 Numqui
671 1429 736 1467 cum
744 1405 863 1489 ingeniis
877 1404 1056 1464 conflidatur
1066 1404 1210 1484 ejusmodi,

522 1506 623 1585 Neque
633 1517 824 1564 commovetur
836 1501 945 1562 animus
957 1503 986 1562 in
995 1523 1027 1559 ea
1037 1524 1067 1560 re
1078 1516 1182 1573 tamen,

522 1598 601 1659 sdan
611 1598 685 1678 posse
692 1598 796 1657 habere
801 1599 862 1676 jam
872 1596 963 1676 ipsum
973 1594 1036 1655 suae
1046 1596 1119 1677 uitae
1130 1596 1257 1660 modum

521 1695 596 1755 Cum
609 1694 640 1754 id
652 1694 722 1754 mihi
734 1693 876 1773 placebat,
884 1705 947 1751 tum
957 1712 1013 1752 uno
1023 1714 1072 1752 ore
1082 1712 1177 1753 onmes
1188 1692 1282 1752 omnia
1399 1721 1403 1727 ·

473 1774 477 1779 7
523 1790 604 1851 Bona
617 1789 718 1859 dicere,
729 1800 759 1847 et
768 1787 882 1847 laudare
892 1786 1019 1845 sor-tunae
1029 1808 1114 1858 meae,

520 1978 603 2063 Qid
615 1979 705 2039 verbio
715 2001 787 2058 opuc
797 1980 854 2038 est?
872 1978 925 2037 hac
939 1976 1014 2039 fama
1026 1978 1159 2059 impulsus
1169 1980 1315 2050 Chremes,

521 2072 610 2133 Ultro
623 2076 660 2133 ad
667 2095 712 2133 me
719 2074 805 2143 venit,
819 2073 930 2133 unicam
938 2086 1055 2155 gnatam
1065 2072 1141 2133 suam
1317 2105 1319 2107 ·

521 2168 596 2228 Cum
606 2169 672 2229 dote
686 2169 790 2228 summa
800 2168 859 2229 filio
872 2190 988 2229 uxorem
1002 2182 1035 2228 ut
1044 2170 1133 2227 daret.

521 2259 649 2331 Placuit;
664 2262 814 2343 despondit
829 2263 876 2323 hic
890 2262 996 2342 nuptiis
1007 2261 1098 2321 didus
1108 2260 1145 2321 est
1155 2259 1226 2318 dier.
1358 2276 1401 2339 75

522 2358 567 2415 So.
588 2359 670 2445 Qid
679 2360 780 2432 obstat,
792 2383 842 2420 cur
855 2379 911 2419 non
919 2379 999 2417 verae
1007 2357 1094 2415 fiant?
1114 2356 1156 2413 Si.
1167 2354 1289 2413 Audies.

522 2452 591 2511 Fere
602 2452 736 2513 indebur·
747 2455 855 2533 paucio,
866 2456 969 2535 quibua
980 2456 1049 2512 haec
1059 2452 1122 2510 adia
1132 2450 1206 2521 sunt,

520 2545 635 2623 Chryso
644 2546 733 2606 vicina
747 2550 815 2607 haec
828 2551 957 2609 moritur.
980 2552 1023 2609 So.
1039 2548 1067 2606 O
1079 2546 1184 2605 fadum
1197 2546 1283 2605 bene!

522 2639 630 2709 Basti,
651 2641 739 2699 metui
750 2643 921 2722 aChryside.
945 2646 986 2703 Si.
1003 2642 1050 2701 Ibi
1062 2640 1208 2701 tum'filiu's

521 2735 595 2793 Cum
608 2733 675 2804 illia,
684 2735 734 2813 qui
743 2739 876 2798 amabant
888 2738 1064 2817 Chrysidem,
1072 2756 1127 2795 una
1137 2734 1234 2807 aderat
1246 2731 1414 2810 srequene3'

521 2828 649 2887 Curabat
660 2828 822 2902 unasunua3
843 2832 928 2892 tristia
943 2829 1064 2898 interim,
1356 2830 1393 2888 81
1424 2866 1427 2869 -

521 2920 732 3003 Nonnunquam
741 2924 978 2989 conlacrumabat.
1000 2922 1110 2985 Placuit
1118 2934 1179 2981 tum
1187 2919 1216 2979 id
1230 2918 1315 2979 mihi:

522 3015 570 3075 Sic
577 3016 757 3097 cogitabam
780 3015 851 3089 Hic,
862 3042 963 3098 parvae
976 3015 1190 3079 consuetudinis.

520 3110 622 3179 Causa,
633 3110 715 3189 hujus
727 3126 845 3172 mortem
854 3130 913 3175 tam
923 3114 979 3175 sert
987 3113 1177 3173 familiariter:

520 3203 612 3291 Qid,
623 3205 642 3263 fi
653 3204 710 3283 ipse
720 3198 848 3265 amasset?
868 3208 938 3286 quid
951 3208 998 3266 hic
1008 3207 1077 3267 mihi
1086 3206 1181 3277 saciet,
1196 3208 1291 3285 patri?
1355 3212 1373 3268 8
1376 3220 1401 3287 ς’
1435 3250 1437 3254 -

521 3300 604 3360 Haec
615 3322 669 3383 ego
679 3300 815 3379 putabam
828 3301 879 3359 esse
892 3302 986 3361 omnia
996 3301 1110 3361 humani
1120 3301 1227 3384 ingens,

519 3394 716 3474 Mansuetique
724 3394 810 3454 animi
823 3396 925 3456 officia.
946 3397 1027 3483 Qid
1036 3396 1132 3455 multis
1141 3397 1252 3455 moror?

521 3488 646 3569 Egomet
656 3510 770 3569 quoque
778 3492 836 3567 ejus
845 3489 926 3549 causa
937 3488 965 3547 in
974 3488 1056 3547 firnuc
1065 3490 1181 3567 prodeo,

519 3584 601 3643 Nihil
625 3584 763 3664 suspicans
787 3584 873 3643 etiam
893 3584 969 3643 mali.
1006 3583 1162 3667 SaHem,
1182 3584 1325 3663 quidest?

641 3682 682 3739 Si.
697 3680 784 3740 Scies.

520 3773 660 3833 Effertur:
676 3774 758 3834 imus.
780 3776 893 3835 Interea
902 3777 976 3836 iuter
985 3774 1126 3846 mulieres,
1353 3796 1395 3854 90

518 3870 603 3953 Qae
616 3868 656 3927 ibi
670 3870 795 3939 aderaut,
805 3868 878 3927 sorte
891 3892 976 3929 unam
990 3868 1113 3947 adspicio
1123 3868 1366 3938 adolescentulam,

521 3965 639 4023 Forma!
664 3966 707 4023 So.
720 3964 801 4025 Bona
815 3964 934 4026 sortasse.
958 3969 999 4026 Si.
1015 3966 1057 4027 Et
1067 3965 1156 4036 voltu,
1171 3966 1259 4035 Sofia,
