3700 5259
592 796 1153 853 acTunu.scnuA1v.
1214 834 1217 843 ι
1295 820 1329 861 u

443 911 515 973 Sine
534 930 613 987 omui
603 909 748 992 periclo.
779 930 844 970 nam
862 910 949 973 hoece
963 912 1040 977 haud
1057 914 1175 979 dubium
1192 914 1241 987 et,
1260 916 1329 995 quin

568 1008 706 1069 Chremen

443 1091 521 1152 Tibi
531 1114 586 1151 non
598 1092 649 1150 det
658 1102 786 1173 gnatam.
807 1108 858 1147 nec
867 1100 901 1145 tu
911 1108 944 1147 ea
954 1088 1036 1149 causa
1047 1091 1179 1153 minuerit

445 1188 544 1256 Haec,
556 1208 629 1265 quae
638 1185 707 1245 sacia
714 1208 724 1256 ς
739 1206 774 1245 ne
787 1184 812 1243 ia
823 1198 915 1243 mutet
924 1184 1001 1243 suam
1011 1184 1185 1247 sententiam.

444 1284 529 1346 Patri
538 1283 586 1344 die
596 1282 680 1344 vellet
694 1296 738 1351 ut,
750 1303 817 1342 cum
830 1280 899 1341 velit
908 1281 1033 1361 tibijure
1046 1280 1150 1351 imici,
1163 1302 1217 1341 non
1232 1296 1328 1361 queat.

444 1380 525 1443 Nam
534 1381 614 1467 quod
625 1393 658 1441 tu
670 1379 774 1464 sperat,
787 1376 960 1459 propulsabo
972 1377 1065 1438 facile.
1078 1398 1194 1443 uxorem
1208 1378 1251 1439 hia
1266 1394 1327 1439 mo·

570 1473 649 1537 ribus
1289 1494 1325 1537 21

446 1568 543 1632 Dabit
554 1590 646 1631 nemo,
660 1566 782 1628 inveniet
795 1566 909 1649 inopem
922 1568 1029 1649 potius,
1044 1590 1130 1647 quam
1143 1582 1172 1631 te
1185 1572 1327 1655 corrumpi

569 1662 650 1724 sinat.

440 1759 505 1817 'Sed
517 1758 537 1815 fi
548 1769 578 1816 te
587 1777 677 1835 aequo
688 1756 782 1820 animo
795 1756 867 1817 ferre
876 1738 1007 1837 accipiet,
1018 1757 1209 1841 negligentem
1219 1760 1327 1825 seceris.

444 1856 548 1915 Aliam
558 1853 664 1913 otiosus
675 1868 801 1932 quaeret.
822 1853 929 1913 interea
939 1854 1047 1933 aliquid
1056 1856 1188 1915 acciderit
1198 1856 1276 1917 boni.

445 1956 505 2036 Pa.
521 1952 598 2010 Itan’
621 1948 729 2007 credin?
763 1950 823 2008 Da.
841 1948 932 2011 Haud
955 1950 1073 2009 dubium
1092 1952 1122 2011 id
1141 1954 1254 2032 quidem
1279 1954 1327 2014 est.

571 2048 627 2105 Pa.
639 2044 713 2103 Vide
724 2067 782 2123 quo
792 2066 836 2104 me
847 2046 972 2105 inducas.
995 2048 1054 2107 Da.
1068 2050 1147 2135 Qin
1162 2052 1255 2113 taceas
1289 2070 1325 2129 ις

360 2133 363 2144 ’
446 2147 504 2205 Ρα.
515 2144 631 2206 Dicam.
649 2164 768 2221 puerum
784 2156 879 2220 autem
894 2164 928 2207 ne
940 2144 1065 2206 resciscat
1079 2146 1147 2207 mihi
1159 2148 1209 2207 esse
1223 2148 1327 2219 cailla,

569 2237 666 2301 cautio
675 2236 729 2299 est:

444 2334 523 2400 Nam
533 2332 678 2413 pollicitus
690 2318 750 2391 sum
761 2331 961 2410 suscepturum.
986 2332 1045 2391 Da.
1059 2332 1087 2391 Ο
1099 2331 1206 2395 facinus
1219 2338 1323 2395 audax!

571 2432 627 2488 Pa.
640 2427 820 2485 Hancfidem

433 2526 520 2595 Sibi,
527 2546 573 2585 me
578 2523 743 2593 obsecravit,
752 2522 802 2601 qui
808 2522 835 2580 se
840 2520 921 2593 sciret
927 2541 982 2599 non
990 2519 1172 2593 deserturum,
1183 2527 1325 2589 utdarem.

442 2619 674 2713 pacurabitur.
688 2615 916 2697 sedpateradest:
932 2636 1007 2708 cave,
1014 2628 1042 2689 te
1048 2614 1208 2679 essetristem
1215 2620 1324 2697 sentiat,

547 2792 1216 2876 Acuusinucnuntu

575 2918 693 2969 suuo
725 2916 885 2969 navus.
921 2890 1201 2988 annuamus

831 3014 932 3053 stato

445 3092 631 3153 REVISO
642 3089 713 3169 quid
722 3104 821 3188 agant,
833 3103 882 3147 aut
893 3088 963 3166 quid
976 3100 1090 3165 captent
1101 3092 1215 3153 consilii.

443 3170 505 3248 Da.
513 3187 576 3245 Htc
585 3208 657 3245 nunc
666 3207 722 3243 non
731 3177 855 3255 dubitat
865 3206 934 3263 quin
943 3199 971 3243 te
980 3186 1129 3247 duttutum
1137 3210 1232 3274 neges

443 3282 533 3340 Venit
544 3281 696 3367 meditatus
707 3279 845 3349 alicunde,
860 3302 894 3337 ex
905 3278 964 3365 solo
978 3278 1051 3363 lopo

443 3354 613 3436 Orationem
624 3355 716 3454 sperat
730 3354 857 3439 inieniffe
870 3374 908 3449 se,

441 3475 505 3561 Qi
519 3474 629 3533 differat
641 3485 679 3529 te
699 3492 782 3551 prom
791 3469 887 3541 tusae
902 3472 979 3549 apud
988 3484 1017 3529 te
1028 3485 1060 3531 ut
1073 3474 1132 3533 fiet.
1304 3498 1323 3556 5

442 3574 501 3636 Pa
514 3567 763 3647 Modoutpollim‚
774 3567 865 3630 Dave.
888 3566 948 3626 Da.
958 3568 1078 3627 Crede
1050 3590 1195 3653 mquam,
1207 3568 1261 3639 hoe
1272 3592 1325 3638 ιιιι

565 3663 606 3734 hi,
621 3662 779 3743 Pamphile,
1354 3710 1356 3715 Α

443 3761 598 3844 Nunquam
609 3761 693 3821 hodie
702 3775 796 3820 tecum
806 3773 1045 3821 commutaturum
1055 3776 1165 3845 patrem

444 3859 604 3946 Unum‘effe
618 3860 743 3930 verbum,
755 3859 774 3935 li
785 3872 814 3919 te
823 3858 898 3923 dices
911 3859 1022 3921 ducere.
