<?xml version="1.0" encoding="UTF-8"?>
<!DOCTYPE html PUBLIC "-//W3C//DTD XHTML 1.0 Transitional//EN"
    "http://www.w3.org/TR/xhtml1/DTD/xhtml1-transitional.dtd">
<html xmlns="http://www.w3.org/1999/xhtml" xml:lang="en" lang="en">
 <head>
  <title>
</title>
<meta http-equiv="Content-Type" content="text/html;charset=utf-8" />
  <meta name='ocr-system' content='tesseract 3.04.00' />
  <meta name='ocr-capabilities' content='ocr_page ocr_carea ocr_par ocr_line ocrx_word'/>
</head>
<body>
  <div class='ocr_page' id='page_1' title='image "./publiiterentiia02teregoog_0207.png"; bbox 0 0 3700 5259; ppageno 0'>
   <div class='ocr_carea' id='block_1_1' title="bbox 401 812 1361 4163">
    <p class='ocr_par' dir='ltr' id='par_1_1' title="bbox 401 812 1361 4163">
     <span class='ocr_line' id='line_1_1' title="bbox 548 812 1286 922; baseline 0.012 -35"><span class='ocrx_word' id='word_1_1' title='bbox 548 853 550 858; x_wconf 83' lang='lat'><em>.</em></span> <span class='ocrx_word' id='word_1_2' title='bbox 641 812 1064 922; x_wconf 69' lang='lat' dir='ltr'><em>nhoumnrtautt.</em></span> <span class='ocrx_word' id='word_1_3' title='bbox 1236 845 1286 915; x_wconf 75' lang='lat' dir='ltr'><em>sqq</em></span> 
     </span>
     <span class='ocr_line' id='line_1_2' title="bbox 406 941 1361 1028; baseline 0.004 -24"><span class='ocrx_word' id='word_1_4' title='bbox 406 941 643 1024; x_wconf 77' lang='lat' dir='ltr'><em>tmjiupraverat:</em></span> <span class='ocrx_word' id='word_1_5' title='bbox 658 947 795 1028; x_wconf 82' lang='lat' dir='ltr'><em>gaudente</em></span> <span class='ocrx_word' id='word_1_6' title='bbox 812 944 952 1007; x_wconf 80' lang='lat' dir='ltr'><em>admodum</em></span> <span class='ocrx_word' id='word_1_7' title='bbox 966 942 1072 1026; x_wconf 80' lang='lat' dir='ltr'><em>puellae</em></span> <span class='ocrx_word' id='word_1_8' title='bbox 1089 959 1189 1018; x_wconf 87' lang='lat' dir='ltr'><em>matre,</em></span> <span class='ocrx_word' id='word_1_9' title='bbox 1208 953 1287 1025; x_wconf 73' lang='lat' dir='ltr'><em>qseae,</em></span> <span class='ocrx_word' id='word_1_10' title='bbox 1359 941 1361 945; x_wconf 60' lang='grc'><strong>’</strong></span> 
     </span>
     <span class='ocr_line' id='line_1_3' title="bbox 408 1027 1286 1124; baseline 0.003 -25"><span class='ocrx_word' id='word_1_11' title='bbox 408 1045 475 1117; x_wconf 89' lang='lat' dir='ltr'><em>quia</em></span> <span class='ocrx_word' id='word_1_12' title='bbox 479 1039 540 1121; x_wconf 79' lang='lat' dir='ltr'><em>pta</em></span> <span class='ocrx_word' id='word_1_13' title='bbox 555 1039 655 1120; x_wconf 88' lang='lat' dir='ltr'><em>conscia</em></span> <span class='ocrx_word' id='word_1_14' title='bbox 667 1027 826 1117; x_wconf 81' lang='lat' dir='ltr'><em>eratfiliam</em></span> <span class='ocrx_word' id='word_1_15' title='bbox 838 1063 853 1100; x_wconf 92' lang='lat' dir='ltr'><em>e</em></span> <span class='ocrx_word' id='word_1_16' title='bbox 859 1042 956 1120; x_wconf 86' lang='lat' dir='ltr'><em>stupro</em></span> <span class='ocrx_word' id='word_1_17' title='bbox 961 1037 1112 1124; x_wconf 79' lang='lat' dir='ltr'><em>gravidam</em></span> <span class='ocrx_word' id='word_1_18' title='bbox 1123 1045 1178 1122; x_wconf 77' lang='lat' dir='ltr'><em>effe,</em></span> <span class='ocrx_word' id='word_1_19' title='bbox 1193 1065 1286 1120; x_wconf 86' lang='lat' dir='ltr'><em>quam·</em></span> 
     </span>
     <span class='ocr_line' id='line_1_4' title="bbox 402 1132 1289 1215; baseline 0.002 -21"><span class='ocrx_word' id='word_1_20' title='bbox 402 1139 527 1215; x_wconf 83' lang='lat' dir='ltr'><em>primum</em></span> <span class='ocrx_word' id='word_1_21' title='bbox 545 1155 606 1194; x_wconf 90' lang='lat' dir='ltr'><em>eam</em></span> <span class='ocrx_word' id='word_1_22' title='bbox 617 1133 740 1194; x_wconf 77' lang='lat' dir='ltr'><em>codicare</em></span> <span class='ocrx_word' id='word_1_23' title='bbox 749 1138 921 1213; x_wconf 76' lang='lat' dir='ltr'><em>properabat,</em></span> <span class='ocrx_word' id='word_1_24' title='bbox 941 1147 983 1206; x_wconf 86' lang='lat' dir='ltr'><em>ut,</em></span> <span class='ocrx_word' id='word_1_25' title='bbox 989 1132 1023 1214; x_wconf 80' lang='lat' dir='ltr'><em>ſs</em></span> <span class='ocrx_word' id='word_1_26' title='bbox 1029 1135 1108 1213; x_wconf 77' lang='lat' dir='ltr'><em>sinte</em></span> <span class='ocrx_word' id='word_1_27' title='bbox 1119 1136 1176 1215; x_wconf 85' lang='lat' dir='ltr'><em>post</em></span> <span class='ocrx_word' id='word_1_28' title='bbox 1187 1137 1289 1213; x_wconf 81' lang='lat' dir='ltr'><em>aliquot</em></span> 
     </span>
     <span class='ocr_line' id='line_1_5' title="bbox 407 1229 1287 1314; baseline 0.007 -28"><span class='ocrx_word' id='word_1_29' title='bbox 407 1229 505 1312; x_wconf 70' lang='lat' dir='ltr'><em>incuses</em></span> <span class='ocrx_word' id='word_1_30' title='bbox 514 1236 637 1306; x_wconf 76' lang='lat' dir='ltr'><em>pareret,</em></span> <span class='ocrx_word' id='word_1_31' title='bbox 651 1231 763 1306; x_wconf 82' lang='lat' dir='ltr'><em>nuptiis,</em></span> <span class='ocrx_word' id='word_1_32' title='bbox 782 1231 998 1305; x_wconf 82' lang='lat' dir='ltr'><em>quemadmodum</em></span> <span class='ocrx_word' id='word_1_33' title='bbox 1008 1232 1144 1312; x_wconf 74' lang='lat' dir='ltr'><em>stirpefit,</em></span> <span class='ocrx_word' id='word_1_34' title='bbox 1157 1235 1287 1314; x_wconf 72' lang='lat' dir='ltr'><em>obtegere-²</em></span> 
     </span>
     <span class='ocr_line' id='line_1_6' title="bbox 407 1315 1287 1404; baseline 0.002 -20"><span class='ocrx_word' id='word_1_35' title='bbox 407 1315 598 1402; x_wconf 65' lang='lat' dir='ltr'><em>turstup&#39;retete&#39;·</em></span> <span class='ocrx_word' id='word_1_36' title='bbox 621 1324 779 1388; x_wconf 79' lang='lat' dir='ltr'><em>Ceciditrei</em></span> <span class='ocrx_word' id='word_1_37' title='bbox 797 1323 871 1404; x_wconf 89' lang='lat' dir='ltr'><em>longe</em></span> <span class='ocrx_word' id='word_1_38' title='bbox 883 1323 976 1395; x_wconf 87' lang='lat' dir='ltr'><em>aliter,</em></span> <span class='ocrx_word' id='word_1_39' title='bbox 990 1347 1024 1383; x_wconf 89' lang='lat' dir='ltr'><em>ac</em></span> <span class='ocrx_word' id='word_1_40' title='bbox 1031 1329 1193 1404; x_wconf 79' lang='lat' dir='ltr'><em>putabatur.</em></span> <span class='ocrx_word' id='word_1_41' title='bbox 1217 1327 1287 1388; x_wconf 79' lang='lat' dir='ltr'><em>Ese-</em></span> 
     </span>
     <span class='ocr_line' id='line_1_7' title="bbox 408 1416 1289 1496; baseline 0.003 -19"><span class='ocrx_word' id='word_1_42' title='bbox 408 1421 466 1478; x_wconf 84' lang='lat' dir='ltr'><em>r‘eim</em></span> <span class='ocrx_word' id='word_1_43' title='bbox 485 1416 654 1496; x_wconf 77' lang='lat' dir='ltr'><em>Pamphilus,</em></span> <span class='ocrx_word' id='word_1_44' title='bbox 668 1420 714 1493; x_wconf 86' lang='lat' dir='ltr'><em>qui</em></span> <span class='ocrx_word' id='word_1_45' title='bbox 725 1418 890 1491; x_wconf 80' lang='lat' dir='ltr'><em>invitifflrnuts&#39;</em></span> <span class='ocrx_word' id='word_1_46' title='bbox 907 1418 1037 1496; x_wconf 77' lang='lat' dir='ltr'><em>adjeciffet</em></span> <span class='ocrx_word' id='word_1_47' title='bbox 1049 1424 1169 1480; x_wconf 88' lang='lat' dir='ltr'><em>animum</em></span> <span class='ocrx_word' id='word_1_48' title='bbox 1182 1421 1289 1480; x_wconf 83' lang='lat' dir='ltr'><em>adrem</em></span> 
     </span>
     <span class='ocr_line' id='line_1_8' title="bbox 409 1512 1289 1594; baseline 0.002 -22"><span class='ocrx_word' id='word_1_49' title='bbox 409 1517 544 1588; x_wconf 72' lang='lat' dir='ltr'><em>uxoriam,</em></span> <span class='ocrx_word' id='word_1_50' title='bbox 558 1517 622 1590; x_wconf 88' lang='lat' dir='ltr'><em>quia</em></span> <span class='ocrx_word' id='word_1_51' title='bbox 636 1512 749 1573; x_wconf 83' lang='lat' dir='ltr'><em>auellere</em></span> <span class='ocrx_word' id='word_1_52' title='bbox 754 1512 787 1594; x_wconf 80' lang='lat' dir='ltr'><em>se</em></span> <span class='ocrx_word' id='word_1_53' title='bbox 799 1513 937 1590; x_wconf 78' lang='lat' dir='ltr'><em>derepente</em></span> <span class='ocrx_word' id='word_1_54' title='bbox 949 1535 968 1573; x_wconf 89' lang='lat' dir='ltr'><em>a</em></span> <span class='ocrx_word' id='word_1_55' title='bbox 980 1513 1123 1574; x_wconf 84' lang='lat' dir='ltr'><em>Bacchidie</em></span> <span class='ocrx_word' id='word_1_56' title='bbox 1136 1525 1226 1576; x_wconf 83' lang='lat' dir='ltr'><em>amore</em></span> <span class='ocrx_word' id='word_1_57' title='bbox 1237 1524 1289 1578; x_wconf 79' lang='lat' dir='ltr'><em>nen</em></span> 
     </span>
     <span class='ocr_line' id='line_1_9' title="bbox 404 1609 1287 1694; baseline 0.003 -28"><span class='ocrx_word' id='word_1_58' title='bbox 404 1609 495 1694; x_wconf 73' lang='lat' dir='ltr'><em>ptfflt,</em></span> <span class='ocrx_word' id='word_1_59' title='bbox 516 1611 561 1668; x_wconf 88' lang='lat' dir='ltr'><em>ita</em></span> <span class='ocrx_word' id='word_1_60' title='bbox 571 1611 670 1668; x_wconf 85' lang='lat' dir='ltr'><em>dormit</em></span> <span class='ocrx_word' id='word_1_61' title='bbox 682 1625 742 1667; x_wconf 88' lang='lat' dir='ltr'><em>cum</em></span> <span class='ocrx_word' id='word_1_62' title='bbox 755 1615 845 1676; x_wconf 79' lang='lat' dir='ltr'><em>uitare,</em></span> <span class='ocrx_word' id='word_1_63' title='bbox 867 1618 898 1668; x_wconf 93' lang='lat' dir='ltr'><em>ut</em></span> <span class='ocrx_word' id='word_1_64' title='bbox 910 1624 971 1668; x_wconf 86' lang='lat' dir='ltr'><em>eam</em></span> <span class='ocrx_word' id='word_1_65' title='bbox 984 1631 1019 1670; x_wconf 90' lang='lat' dir='ltr'><em>ne</em></span> <span class='ocrx_word' id='word_1_66' title='bbox 1029 1614 1157 1694; x_wconf 82' lang='lat' dir='ltr'><em>attigerit</em></span> <span class='ocrx_word' id='word_1_67' title='bbox 1173 1613 1287 1688; x_wconf 64' lang='lat' dir='ltr'><em>quidem,</em></span> 
     </span>
     <span class='ocr_line' id='line_1_10' title="bbox 408 1697 1287 1786; baseline 0.001 -24"><span class='ocrx_word' id='word_1_68' title='bbox 408 1697 537 1772; x_wconf 78' lang='lat' dir='ltr'><em>Bacchis,</em></span> <span class='ocrx_word' id='word_1_69' title='bbox 560 1704 636 1778; x_wconf 66' lang='lat' dir='ltr'><em>quade</em></span> <span class='ocrx_word' id='word_1_70' title='bbox 660 1715 693 1760; x_wconf 88' lang='lat' dir='ltr'><em>ea</em></span> <span class='ocrx_word' id='word_1_71' title='bbox 712 1705 791 1784; x_wconf 79' lang='lat' dir='ltr'><em>viva,</em></span> <span class='ocrx_word' id='word_1_72' title='bbox 812 1705 993 1786; x_wconf 69' lang='lat' dir='ltr'><em>nunquamfi·</em></span> <span class='ocrx_word' id='word_1_73' title='bbox 1008 1720 1119 1769; x_wconf 71' lang='lat' dir='ltr'><em>‚uxorem</em></span> <span class='ocrx_word' id='word_1_74' title='bbox 1137 1707 1287 1775; x_wconf 75' lang='lat' dir='ltr'><em>littorum,-</em></span> 
     </span>
     <span class='ocr_line' id='line_1_11' title="bbox 401 1797 1286 1880; baseline 0.005 -24"><span class='ocrx_word' id='word_1_75' title='bbox 401 1797 485 1880; x_wconf 81' lang='lat' dir='ltr'><em>stoepe</em></span> <span class='ocrx_word' id='word_1_76' title='bbox 497 1802 523 1857; x_wconf 90' lang='lat' dir='ltr'><em>ei</em></span> <span class='ocrx_word' id='word_1_77' title='bbox 537 1800 697 1880; x_wconf 72' lang='lat' dir='ltr'><em>praemiserat</em></span> <span class='ocrx_word' id='word_1_78' title='bbox 711 1797 879 1877; x_wconf 76' lang='lat' dir='ltr'><em>Pamphilus,</em></span> <span class='ocrx_word' id='word_1_79' title='bbox 899 1799 1053 1860; x_wconf 86' lang='lat' dir='ltr'><em>nonnullam</em></span> <span class='ocrx_word' id='word_1_80' title='bbox 1059 1800 1117 1880; x_wconf 79' lang='lat' dir='ltr'><em>sthi</em></span> <span class='ocrx_word' id='word_1_81' title='bbox 1135 1803 1169 1860; x_wconf 87' lang='lat' dir='ltr'><em>ab</em></span> <span class='ocrx_word' id='word_1_82' title='bbox 1181 1822 1210 1865; x_wconf 80' lang='lat' dir='ltr'><em>to</em></span> <span class='ocrx_word' id='word_1_83' title='bbox 1219 1803 1286 1879; x_wconf 80' lang='lat' dir='ltr'><em>fuc-¹</em></span> 
     </span>
     <span class='ocr_line' id='line_1_12' title="bbox 409 1882 1288 1980; baseline 0.003 -26"><span class='ocrx_word' id='word_1_84' title='bbox 409 1882 471 1954; x_wconf 84' lang='lat' dir='ltr'><em>lam</em></span> <span class='ocrx_word' id='word_1_85' title='bbox 481 1891 614 1971; x_wconf 59' lang='lat' dir='ltr'><em>injuctum</em></span> <span class='ocrx_word' id='word_1_86' title='bbox 621 1903 735 1974; x_wconf 78' lang='lat' dir='ltr'><em>putans,</em></span> <span class='ocrx_word' id='word_1_87' title='bbox 755 1893 837 1952; x_wconf 88' lang='lat' dir='ltr'><em>multo</em></span> <span class='ocrx_word' id='word_1_88' title='bbox 851 1897 877 1951; x_wconf 83' lang='lat' dir='ltr'><em>a·</em></span> <span class='ocrx_word' id='word_1_89' title='bbox 889 1893 989 1966; x_wconf 84' lang='lat' dir='ltr'><em>minui,-</em></span> <span class='ocrx_word' id='word_1_90' title='bbox 1008 1898 1089 1972; x_wconf 82' lang='lat' dir='ltr'><em>quam</em></span> <span class='ocrx_word' id='word_1_91' title='bbox 1095 1899 1209 1980; x_wconf 87' lang='lat' dir='ltr'><em>solebat,</em></span> <span class='ocrx_word' id='word_1_92' title='bbox 1223 1899 1288 1977; x_wconf 89' lang='lat' dir='ltr'><em>pla·</em></span> 
     </span>
     <span class='ocr_line' id='line_1_13' title="bbox 412 1989 1289 2073; baseline 0.001 -23"><span class='ocrx_word' id='word_1_93' title='bbox 412 1992 475 2050; x_wconf 91' lang='lat' dir='ltr'><em>cida</em></span> <span class='ocrx_word' id='word_1_94' title='bbox 495 2003 523 2050; x_wconf 92' lang='lat' dir='ltr'><em>et</em></span> <span class='ocrx_word' id='word_1_95' title='bbox 542 1989 673 2073; x_wconf 77' lang='lat' dir='ltr'><em>ohshquens</em></span> <span class='ocrx_word' id='word_1_96' title='bbox 692 1991 738 2068; x_wconf 81' lang='lat' dir='ltr'><em>effe</em></span> <span class='ocrx_word' id='word_1_97' title='bbox 756 1993 855 2067; x_wconf 84' lang='lat' dir='ltr'><em>coepite</em></span> <span class='ocrx_word' id='word_1_98' title='bbox 875 2011 903 2050; x_wconf 89' lang='lat' dir='ltr'><em>eo</em></span> <span class='ocrx_word' id='word_1_99' title='bbox 911 1995 1021 2069; x_wconf 72' lang='lat' dir='ltr'><em>furtim</em></span> <span class='ocrx_word' id='word_1_100' title='bbox 1038 1993 1084 2072; x_wconf 69' lang='lat' dir='ltr'><em>eli,</em></span> <span class='ocrx_word' id='word_1_101' title='bbox 1105 2007 1138 2054; x_wconf 92' lang='lat' dir='ltr'><em>ut</em></span> <span class='ocrx_word' id='word_1_102' title='bbox 1157 1994 1289 2073; x_wconf 90' lang='lat' dir='ltr'><em>Pamphi-</em></span> 
     </span>
     <span class='ocr_line' id='line_1_14' title="bbox 411 2073 1290 2171; baseline 0.006 -27"><span class='ocrx_word' id='word_1_103' title='bbox 411 2083 453 2144; x_wconf 85' lang='lat' dir='ltr'><em>lus</em></span> <span class='ocrx_word' id='word_1_104' title='bbox 476 2088 501 2143; x_wconf 91' lang='lat' dir='ltr'><em>ei</em></span> <span class='ocrx_word' id='word_1_105' title='bbox 512 2086 544 2168; x_wconf 80' lang='lat' dir='ltr'><em>se</em></span> <span class='ocrx_word' id='word_1_106' title='bbox 560 2084 707 2163; x_wconf 85' lang='lat' dir='ltr'><em>paullatim</em></span> <span class='ocrx_word' id='word_1_107' title='bbox 714 2084 882 2165; x_wconf 78' lang='lat' dir='ltr'><em>subduxerit,</em></span> <span class='ocrx_word' id='word_1_108' title='bbox 905 2107 1035 2163; x_wconf 88' lang='lat' dir='ltr'><em>quamque</em></span> <span class='ocrx_word' id='word_1_109' title='bbox 1052 2091 1131 2167; x_wconf 91' lang='lat' dir='ltr'><em>prius</em></span> <span class='ocrx_word' id='word_1_110' title='bbox 1146 2073 1290 2171; x_wconf 78' lang='lat' dir='ltr'><em>spernebat</em></span> 
     </span>
     <span class='ocr_line' id='line_1_15' title="bbox 412 2177 1288 2260; baseline 0 -21"><span class='ocrx_word' id='word_1_111' title='bbox 412 2199 529 2248; x_wconf 72' lang='lat' dir='ltr'><em>uxorem,</em></span> <span class='ocrx_word' id='word_1_112' title='bbox 543 2179 600 2253; x_wconf 88' lang='lat' dir='ltr'><em>ejus</em></span> <span class='ocrx_word' id='word_1_113' title='bbox 613 2181 754 2254; x_wconf 81' lang='lat' dir='ltr'><em>mirificum</em></span> <span class='ocrx_word' id='word_1_114' title='bbox 763 2177 894 2253; x_wconf 88' lang='lat' dir='ltr'><em>quendam</em></span> <span class='ocrx_word' id='word_1_115' title='bbox 906 2200 1023 2239; x_wconf 80' lang='lat' dir='ltr'><em>aucorem</em></span> <span class='ocrx_word' id='word_1_116' title='bbox 1034 2184 1124 2242; x_wconf 88' lang='lat' dir='ltr'><em>anineo</em></span> <span class='ocrx_word' id='word_1_117' title='bbox 1135 2183 1288 2260; x_wconf 84' lang='lat' dir='ltr'><em>conceperit.</em></span> 
     </span>
     <span class='ocr_line' id='line_1_16' title="bbox 412 2271 1289 2356; baseline 0.005 -21"><span class='ocrx_word' id='word_1_118' title='bbox 412 2271 524 2335; x_wconf 84' lang='lat' dir='ltr'><em>Interea</em></span> <span class='ocrx_word' id='word_1_119' title='bbox 537 2273 663 2350; x_wconf 89' lang='lat' dir='ltr'><em>quiddam</em></span> <span class='ocrx_word' id='word_1_120' title='bbox 671 2273 780 2341; x_wconf 83' lang='lat' dir='ltr'><em>accidit,</em></span> <span class='ocrx_word' id='word_1_121' title='bbox 795 2281 825 2330; x_wconf 87' lang='lat' dir='ltr'><em>ut</em></span> <span class='ocrx_word' id='word_1_122' title='bbox 837 2274 892 2330; x_wconf 86' lang='lat' dir='ltr'><em>iter</em></span> <span class='ocrx_word' id='word_1_123' title='bbox 904 2275 1044 2355; x_wconf 89' lang='lat' dir='ltr'><em>Pamphilo</em></span> <span class='ocrx_word' id='word_1_124' title='bbox 1053 2281 1083 2337; x_wconf 89' lang='lat' dir='ltr'><em>in</em></span> <span class='ocrx_word' id='word_1_125' title='bbox 1092 2277 1213 2338; x_wconf 82' lang='lat' dir='ltr'><em>Imbrum</em></span> <span class='ocrx_word' id='word_1_126' title='bbox 1221 2276 1289 2356; x_wconf 54' lang='lat' dir='ltr'><em>effeti</em></span> 
     </span>
     <span class='ocr_line' id='line_1_17' title="bbox 413 2367 1289 2452; baseline -0.002 -20"><span class='ocrx_word' id='word_1_127' title='bbox 413 2373 535 2450; x_wconf 76' lang='lat' dir='ltr'><em>Prafttlo</em></span> <span class='ocrx_word' id='word_1_128' title='bbox 548 2391 586 2440; x_wconf 85' lang='lat' dir='ltr'><em>eo,-</em></span> <span class='ocrx_word' id='word_1_129' title='bbox 601 2367 770 2435; x_wconf 87' lang='lat' dir='ltr'><em>Philumena,</em></span> <span class='ocrx_word' id='word_1_130' title='bbox 784 2387 852 2442; x_wconf 91' lang='lat' dir='ltr'><em>quae</em></span> <span class='ocrx_word' id='word_1_131' title='bbox 861 2369 1082 2449; x_wconf 76' lang='lat' dir='ltr'><em>intumesceresthi</em></span> <span class='ocrx_word' id='word_1_132' title='bbox 1091 2382 1197 2432; x_wconf 88' lang='lat' dir='ltr'><em>uterum</em></span> <span class='ocrx_word' id='word_1_133' title='bbox 1201 2371 1289 2452; x_wconf 81' lang='lat' dir='ltr'><em>senti·</em></span> 
     </span>
     <span class='ocr_line' id='line_1_18' title="bbox 411 2459 1288 2546; baseline -0.005 -20"><span class='ocrx_word' id='word_1_134' title='bbox 411 2476 465 2538; x_wconf 87' lang='lat' dir='ltr'><em>ret,</em></span> <span class='ocrx_word' id='word_1_135' title='bbox 479 2463 691 2543; x_wconf 88' lang='lat' dir='ltr'><em>quumaliorum,</em></span> <span class='ocrx_word' id='word_1_136' title='bbox 704 2472 763 2520; x_wconf 87' lang='lat' dir='ltr'><em>turn</em></span> <span class='ocrx_word' id='word_1_137' title='bbox 767 2459 859 2542; x_wconf 86' lang='lat' dir='ltr'><em>socrus</em></span> <span class='ocrx_word' id='word_1_138' title='bbox 869 2463 994 2539; x_wconf 88' lang='lat' dir='ltr'><em>inprimis</em></span> <span class='ocrx_word' id='word_1_139' title='bbox 998 2463 1069 2544; x_wconf 88' lang='lat' dir='ltr'><em>suae</em></span> <span class='ocrx_word' id='word_1_140' title='bbox 1076 2465 1233 2546; x_wconf 72' lang='lat' dir='ltr'><em>conspectant</em></span> <span class='ocrx_word' id='word_1_141' title='bbox 1244 2484 1288 2522; x_wconf 92' lang='lat' dir='ltr'><em>re·</em></span> 
     </span>
     <span class='ocr_line' id='line_1_19' title="bbox 404 2555 1288 2644; baseline -0.01 -23"><span class='ocrx_word' id='word_1_142' title='bbox 404 2563 542 2644; x_wconf 75' lang='lat' dir='ltr'><em>stsgiehat.</em></span> <span class='ocrx_word' id='word_1_143' title='bbox 566 2555 687 2620; x_wconf 74' lang='lat' dir='ltr'><em>Tandem</em></span> <span class='ocrx_word' id='word_1_144' title='bbox 699 2574 780 2632; x_wconf 93' lang='lat' dir='ltr'><em>quum</em></span> <span class='ocrx_word' id='word_1_145' title='bbox 793 2556 822 2612; x_wconf 90' lang='lat' dir='ltr'><em>in</em></span> <span class='ocrx_word' id='word_1_146' title='bbox 834 2574 863 2638; x_wconf 83' lang='lat' dir='ltr'><em>eo</em></span> <span class='ocrx_word' id='word_1_147' title='bbox 874 2555 942 2631; x_wconf 65' lang='lat' dir='ltr'><em>efflet,</em></span> <span class='ocrx_word' id='word_1_148' title='bbox 957 2565 987 2613; x_wconf 91' lang='lat' dir='ltr'><em>ut</em></span> <span class='ocrx_word' id='word_1_149' title='bbox 999 2555 1087 2616; x_wconf 88' lang='lat' dir='ltr'><em>celare</em></span> <span class='ocrx_word' id='word_1_150' title='bbox 1098 2561 1144 2616; x_wconf 81' lang='lat' dir='ltr'><em>uix</em></span> <span class='ocrx_word' id='word_1_151' title='bbox 1153 2559 1220 2636; x_wconf 78' lang='lat' dir='ltr'><em>poffe</em></span> <span class='ocrx_word' id='word_1_152' title='bbox 1228 2576 1288 2615; x_wconf 54' lang='lat' dir='ltr'><em>am,</em></span> 
     </span>
     <span class='ocr_line' id='line_1_20' title="bbox 406 2647 1290 2736; baseline -0.006 -19"><span class='ocrx_word' id='word_1_153' title='bbox 406 2657 481 2735; x_wconf 88' lang='lat' dir='ltr'><em>plius</em></span> <span class='ocrx_word' id='word_1_154' title='bbox 494 2657 642 2726; x_wconf 82' lang='lat' dir='ltr'><em>videretur,</em></span> <span class='ocrx_word' id='word_1_155' title='bbox 655 2653 750 2736; x_wconf 82' lang='lat' dir='ltr'><em>ſscmta</em></span> <span class='ocrx_word' id='word_1_156' title='bbox 768 2647 902 2728; x_wconf 74' lang='lat' dir='ltr'><em>oocefione,</em></span> <span class='ocrx_word' id='word_1_157' title='bbox 917 2663 970 2727; x_wconf 84' lang='lat' dir='ltr'><em>per</em></span> <span class='ocrx_word' id='word_1_158' title='bbox 981 2651 1157 2732; x_wconf 75' lang='lat' dir='ltr'><em>fiacrificandi</em></span> <span class='ocrx_word' id='word_1_159' title='bbox 1165 2653 1290 2735; x_wconf 90' lang='lat' dir='ltr'><em>speciem,</em></span> 
     </span>
     <span class='ocr_line' id='line_1_21' title="bbox 410 2743 1291 2831; baseline -0.002 -24"><span class='ocrx_word' id='word_1_160' title='bbox 410 2749 451 2808; x_wconf 91' lang='lat' dir='ltr'><em>ad</em></span> <span class='ocrx_word' id='word_1_161' title='bbox 460 2761 576 2808; x_wconf 88' lang='lat' dir='ltr'><em>matrem</em></span> <span class='ocrx_word' id='word_1_162' title='bbox 580 2749 621 2831; x_wconf 80' lang='lat' dir='ltr'><em>se,</em></span> <span class='ocrx_word' id='word_1_163' title='bbox 630 2753 712 2807; x_wconf 75' lang='lat' dir='ltr'><em>unum</em></span> <span class='ocrx_word' id='word_1_164' title='bbox 720 2744 834 2801; x_wconf 88' lang='lat' dir='ltr'><em>omnium</em></span> <span class='ocrx_word' id='word_1_165' title='bbox 844 2755 936 2800; x_wconf 83' lang='lat' dir='ltr'><em>return</em></span> <span class='ocrx_word' id='word_1_166' title='bbox 945 2744 1081 2824; x_wconf 76' lang='lat' dir='ltr'><em>christiam,</em></span> <span class='ocrx_word' id='word_1_167' title='bbox 1094 2747 1205 2824; x_wconf 57' lang='lat' dir='ltr'><em>carpent.</em></span> <span class='ocrx_word' id='word_1_168' title='bbox 1226 2743 1291 2823; x_wconf 81' lang='lat' dir='ltr'><em>Post</em></span> 
     </span>
     <span class='ocr_line' id='line_1_22' title="bbox 411 2835 1288 2923; baseline 0 -23"><span class='ocrx_word' id='word_1_169' title='bbox 411 2843 466 2902; x_wconf 86' lang='lat' dir='ltr'><em>dies</em></span> <span class='ocrx_word' id='word_1_170' title='bbox 480 2841 656 2923; x_wconf 79' lang='lat' dir='ltr'><em>complupiulos</em></span> <span class='ocrx_word' id='word_1_171' title='bbox 664 2841 753 2898; x_wconf 90' lang='lat' dir='ltr'><em>mittit</em></span> <span class='ocrx_word' id='word_1_172' title='bbox 766 2835 898 2920; x_wconf 71' lang='lat' dir='ltr'><em>Sostrata,</em></span> <span class='ocrx_word' id='word_1_173' title='bbox 916 2842 964 2912; x_wconf 89' lang='lat' dir='ltr'><em>qui</em></span> <span class='ocrx_word' id='word_1_174' title='bbox 975 2852 1036 2896; x_wconf 82' lang='lat' dir='ltr'><em>eam</em></span> <span class='ocrx_word' id='word_1_175' title='bbox 1048 2842 1212 2917; x_wconf 83' lang='lat' dir='ltr'><em>arcefferent.</em></span> <span class='ocrx_word' id='word_1_176' title='bbox 1232 2843 1288 2900; x_wconf 81' lang='lat' dir='ltr'><em>Re·</em></span> 
     </span>
     <span class='ocr_line' id='line_1_23' title="bbox 406 2917 1291 3018; baseline -0.001 -21"><span class='ocrx_word' id='word_1_177' title='bbox 406 2937 561 3018; x_wconf 79' lang='lat' dir='ltr'><em>spondetur,</em></span> <span class='ocrx_word' id='word_1_178' title='bbox 575 2947 714 3018; x_wconf 86' lang='lat' dir='ltr'><em>aegrotam</em></span> <span class='ocrx_word' id='word_1_179' title='bbox 730 2935 785 3012; x_wconf 74' lang='lat' dir='ltr'><em>effic.</em></span> <span class='ocrx_word' id='word_1_180' title='bbox 815 2931 856 3000; x_wconf 91' lang='lat' dir='ltr'><em>lt,</em></span> <span class='ocrx_word' id='word_1_181' title='bbox 877 2942 909 2991; x_wconf 90' lang='lat' dir='ltr'><em>ut</em></span> <span class='ocrx_word' id='word_1_182' title='bbox 919 2952 981 2990; x_wconf 91' lang='lat' dir='ltr'><em>eam</em></span> <span class='ocrx_word' id='word_1_183' title='bbox 991 2917 1090 3015; x_wconf 69' lang='lat' dir='ltr'><em>pultem</em></span> <span class='ocrx_word' id='word_1_184' title='bbox 1106 2937 1219 3017; x_wconf 80' lang='lat' dir='ltr'><em>viseret:</em></span> <span class='ocrx_word' id='word_1_185' title='bbox 1239 2955 1291 2996; x_wconf 86' lang='lat' dir='ltr'><em>non</em></span> 
     </span>
     <span class='ocr_line' id='line_1_24' title="bbox 414 3027 1291 3109; baseline 0 -17"><span class='ocrx_word' id='word_1_186' title='bbox 414 3033 582 3092; x_wconf 89' lang='lat' dir='ltr'><em>admittitur.</em></span> <span class='ocrx_word' id='word_1_187' title='bbox 603 3030 706 3090; x_wconf 82' lang='lat' dir='ltr'><em>Laches</em></span> <span class='ocrx_word' id='word_1_188' title='bbox 720 3027 844 3109; x_wconf 77' lang='lat' dir='ltr'><em>accreſsere</em></span> <span class='ocrx_word' id='word_1_189' title='bbox 855 3047 970 3098; x_wconf 78' lang='lat' dir='ltr'><em>uxorem,</em></span> <span class='ocrx_word' id='word_1_190' title='bbox 984 3039 1012 3087; x_wconf 89' lang='lat' dir='ltr'><em>et</em></span> <span class='ocrx_word' id='word_1_191' title='bbox 1020 3030 1116 3099; x_wconf 85' lang='lat' dir='ltr'><em>dicere,</em></span> <span class='ocrx_word' id='word_1_192' title='bbox 1126 3032 1191 3092; x_wconf 88' lang='lat' dir='ltr'><em>haec</em></span> <span class='ocrx_word' id='word_1_193' title='bbox 1200 3037 1291 3092; x_wconf 85' lang='lat' dir='ltr'><em>omnia</em></span> 
     </span>
     <span class='ocr_line' id='line_1_25' title="bbox 412 3118 1292 3207; baseline 0.001 -22"><span class='ocrx_word' id='word_1_194' title='bbox 412 3126 486 3187; x_wconf 89' lang='lat' dir='ltr'><em>illius</em></span> <span class='ocrx_word' id='word_1_195' title='bbox 503 3126 586 3205; x_wconf 84' lang='lat' dir='ltr'><em>culpa</em></span> <span class='ocrx_word' id='word_1_196' title='bbox 594 3128 753 3207; x_wconf 61' lang='lat' dir='ltr'><em>contingere,</em></span> <span class='ocrx_word' id='word_1_197' title='bbox 784 3118 839 3181; x_wconf 89' lang='lat' dir='ltr'><em>Illa</em></span> <span class='ocrx_word' id='word_1_198' title='bbox 852 3133 946 3181; x_wconf 89' lang='lat' dir='ltr'><em>contra</em></span> <span class='ocrx_word' id='word_1_199' title='bbox 958 3123 1127 3205; x_wconf 79' lang='lat' dir='ltr'><em>excuſsarese,</em></span> <span class='ocrx_word' id='word_1_200' title='bbox 1146 3137 1175 3186; x_wconf 91' lang='lat' dir='ltr'><em>et</em></span> <span class='ocrx_word' id='word_1_201' title='bbox 1186 3126 1292 3206; x_wconf 88' lang='lat' dir='ltr'><em>culpam</em></span> 
     </span>
     <span class='ocr_line' id='line_1_26' title="bbox 413 3219 1291 3306; baseline 0.001 -23"><span class='ocrx_word' id='word_1_202' title='bbox 413 3225 570 3304; x_wconf 85' lang='lat' dir='ltr'><em>deprecari:</em></span> <span class='ocrx_word' id='word_1_203' title='bbox 589 3223 724 3304; x_wconf 78' lang='lat' dir='ltr'><em>nulliusfi·</em></span> <span class='ocrx_word' id='word_1_204' title='bbox 742 3223 783 3280; x_wconf 87' lang='lat' dir='ltr'><em>r&#39;ei</em></span> <span class='ocrx_word' id='word_1_205' title='bbox 801 3219 928 3301; x_wconf 65' lang='lat' dir='ltr'><em>confidam</em></span> <span class='ocrx_word' id='word_1_206' title='bbox 938 3223 994 3300; x_wconf 65' lang='lat' dir='ltr'><em>ff,</em></span> <span class='ocrx_word' id='word_1_207' title='bbox 1013 3245 1063 3281; x_wconf 91' lang='lat' dir='ltr'><em>cur</em></span> <span class='ocrx_word' id='word_1_208' title='bbox 1074 3225 1129 3306; x_wconf 77' lang='lat' dir='ltr'><em>fica</em></span> <span class='ocrx_word' id='word_1_209' title='bbox 1142 3225 1291 3306; x_wconf 88' lang='lat' dir='ltr'><em>consuetudo</em></span> 
     </span>
     <span class='ocr_line' id='line_1_27' title="bbox 414 3313 1292 3398; baseline -0.002 -22"><span class='ocrx_word' id='word_1_210' title='bbox 414 3320 497 3378; x_wconf 89' lang='lat' dir='ltr'><em>nurui</em></span> <span class='ocrx_word' id='word_1_211' title='bbox 509 3317 593 3398; x_wconf 79' lang='lat' dir='ltr'><em>odiofic</em></span> <span class='ocrx_word' id='word_1_212' title='bbox 606 3317 651 3394; x_wconf 79' lang='lat' dir='ltr'><em>effe</em></span> <span class='ocrx_word' id='word_1_213' title='bbox 663 3315 763 3374; x_wconf 81' lang='lat' dir='ltr'><em>debeat.</em></span> <span class='ocrx_word' id='word_1_214' title='bbox 795 3313 905 3374; x_wconf 85' lang='lat' dir='ltr'><em>Interea</em></span> <span class='ocrx_word' id='word_1_215' title='bbox 918 3315 1000 3374; x_wconf 85' lang='lat' dir='ltr'><em>rediit</em></span> <span class='ocrx_word' id='word_1_216' title='bbox 1021 3316 1189 3393; x_wconf 81' lang='lat' dir='ltr'><em>Pamphilus,</em></span> <span class='ocrx_word' id='word_1_217' title='bbox 1210 3326 1292 3390; x_wconf 88' lang='lat' dir='ltr'><em>atque</em></span> 
     </span>
     <span class='ocr_line' id='line_1_28' title="bbox 415 3407 1290 3496; baseline -0.006 -24"><span class='ocrx_word' id='word_1_218' title='bbox 415 3418 456 3472; x_wconf 79' lang='lat' dir='ltr'><em>tta</em></span> <span class='ocrx_word' id='word_1_219' title='bbox 468 3413 530 3496; x_wconf 81' lang='lat' dir='ltr'><em>sors</em></span> <span class='ocrx_word' id='word_1_220' title='bbox 551 3413 627 3482; x_wconf 77' lang='lat' dir='ltr'><em>tulit,</em></span> <span class='ocrx_word' id='word_1_221' title='bbox 649 3421 680 3471; x_wconf 84' lang='lat' dir='ltr'><em>ut</em></span> <span class='ocrx_word' id='word_1_222' title='bbox 701 3410 808 3487; x_wconf 82' lang='lat' dir='ltr'><em>quodie</em></span> <span class='ocrx_word' id='word_1_223' title='bbox 827 3409 879 3490; x_wconf 83' lang='lat' dir='ltr'><em>ipse</em></span> <span class='ocrx_word' id='word_1_224' title='bbox 899 3409 1022 3471; x_wconf 80' lang='lat' dir='ltr'><em>Athenas</em></span> <span class='ocrx_word' id='word_1_225' title='bbox 1040 3411 1155 3488; x_wconf 82' lang='lat' dir='ltr'><em>appulit,</em></span> <span class='ocrx_word' id='word_1_226' title='bbox 1178 3433 1205 3468; x_wconf 79' lang='lat' dir='ltr'><em>eo</em></span> <span class='ocrx_word' id='word_1_227' title='bbox 1227 3407 1290 3491; x_wconf 79' lang='lat' dir='ltr'><em>ipsu,</em></span> 
     </span>
     <span class='ocr_line' id='line_1_29' title="bbox 418 3503 1290 3584; baseline 0 -20"><span class='ocrx_word' id='word_1_228' title='bbox 418 3507 577 3566; x_wconf 88' lang='lat' dir='ltr'><em>Philumena</em></span> <span class='ocrx_word' id='word_1_229' title='bbox 591 3515 678 3584; x_wconf 89' lang='lat' dir='ltr'><em>partu</em></span> <span class='ocrx_word' id='word_1_230' title='bbox 691 3504 837 3563; x_wconf 79' lang='lat' dir='ltr'><em>levaretur·</em></span> <span class='ocrx_word' id='word_1_231' title='bbox 875 3503 970 3580; x_wconf 69' lang='lat' dir='ltr'><em>Qum</em></span> <span class='ocrx_word' id='word_1_232' title='bbox 981 3506 1078 3584; x_wconf 84' lang='lat' dir='ltr'><em>igitur,</em></span> <span class='ocrx_word' id='word_1_233' title='bbox 1092 3504 1198 3563; x_wconf 86' lang='lat' dir='ltr'><em>videndi</em></span> <span class='ocrx_word' id='word_1_234' title='bbox 1216 3508 1290 3582; x_wconf 88' lang='lat' dir='ltr'><em>cupi·</em></span> 
     </span>
     <span class='ocr_line' id='line_1_30' title="bbox 417 3598 1290 3685; baseline -0.002 -25"><span class='ocrx_word' id='word_1_235' title='bbox 417 3603 477 3674; x_wconf 85' lang='lat' dir='ltr'><em>dus,</em></span> <span class='ocrx_word' id='word_1_236' title='bbox 490 3607 652 3685; x_wconf 83' lang='lat' dir='ltr'><em>(aegrotare</em></span> <span class='ocrx_word' id='word_1_237' title='bbox 667 3603 738 3658; x_wconf 87' lang='lat' dir='ltr'><em>enirn</em></span> <span class='ocrx_word' id='word_1_238' title='bbox 750 3609 899 3676; x_wconf 87' lang='lat' dir='ltr'><em>acceperat,</em></span> <span class='ocrx_word' id='word_1_239' title='bbox 913 3601 995 3656; x_wconf 88' lang='lat' dir='ltr'><em>etita</em></span> <span class='ocrx_word' id='word_1_240' title='bbox 1008 3598 1130 3666; x_wconf 73' lang='lat' dir='ltr'><em>annotat,</em></span> <span class='ocrx_word' id='word_1_241' title='bbox 1144 3608 1175 3658; x_wconf 88' lang='lat' dir='ltr'><em>ut</em></span> <span class='ocrx_word' id='word_1_242' title='bbox 1187 3602 1233 3674; x_wconf 90' lang='lat' dir='ltr'><em>qui</em></span> <span class='ocrx_word' id='word_1_243' title='bbox 1245 3619 1290 3659; x_wconf 86' lang='lat' dir='ltr'><em>ae·</em></span> 
     </span>
     <span class='ocr_line' id='line_1_31' title="bbox 417 3685 1291 3776; baseline -0.007 -20"><span class='ocrx_word' id='word_1_244' title='bbox 417 3685 612 3776; x_wconf 82' lang='lat' dir='ltr'><em>hernentifflme)</em></span> <span class='ocrx_word' id='word_1_245' title='bbox 617 3695 706 3776; x_wconf 87' lang='lat' dir='ltr'><em>subita</em></span> <span class='ocrx_word' id='word_1_246' title='bbox 718 3694 758 3752; x_wconf 91' lang='lat' dir='ltr'><em>ad</em></span> <span class='ocrx_word' id='word_1_247' title='bbox 770 3711 830 3752; x_wconf 88' lang='lat' dir='ltr'><em>eam</em></span> <span class='ocrx_word' id='word_1_248' title='bbox 841 3693 967 3772; x_wconf 83' lang='lat' dir='ltr'><em>ingreffies</em></span> <span class='ocrx_word' id='word_1_249' title='bbox 982 3691 1050 3768; x_wconf 79' lang='lat' dir='ltr'><em>effet,</em></span> <span class='ocrx_word' id='word_1_250' title='bbox 1058 3694 1150 3768; x_wconf 88' lang='lat' dir='ltr'><em>peperi</em></span> <span class='ocrx_word' id='word_1_251' title='bbox 1167 3713 1181 3750; x_wconf 94' lang='lat' dir='ltr'><em>e</em></span> <span class='ocrx_word' id='word_1_252' title='bbox 1199 3694 1291 3771; x_wconf 84' lang='lat' dir='ltr'><em>depre-</em></span> 
     </span>
     <span class='ocr_line' id='line_1_32' title="bbox 418 3784 1291 3870; baseline -0.003 -20"><span class='ocrx_word' id='word_1_253' title='bbox 418 3793 515 3852; x_wconf 88' lang='lat' dir='ltr'><em>hendit.</em></span> <span class='ocrx_word' id='word_1_254' title='bbox 536 3793 581 3851; x_wconf 91' lang='lat' dir='ltr'><em>lhi</em></span> <span class='ocrx_word' id='word_1_255' title='bbox 592 3813 652 3852; x_wconf 88' lang='lat' dir='ltr'><em>eum</em></span> <span class='ocrx_word' id='word_1_256' title='bbox 659 3790 809 3870; x_wconf 81' lang='lat' dir='ltr'><em>Myrrhina</em></span> <span class='ocrx_word' id='word_1_257' title='bbox 820 3799 956 3848; x_wconf 83' lang='lat' dir='ltr'><em>exeuntem</em></span> <span class='ocrx_word' id='word_1_258' title='bbox 965 3784 1113 3866; x_wconf 88' lang='lat' dir='ltr'><em>prosecuta,</em></span> <span class='ocrx_word' id='word_1_259' title='bbox 1126 3785 1291 3857; x_wconf 85' lang='lat' dir='ltr'><em>lacrumans,</em></span> 
     </span>
     <span class='ocr_line' id='line_1_33' title="bbox 418 3873 1293 3970; baseline -0.007 -22"><span class='ocrx_word' id='word_1_260' title='bbox 418 3891 538 3968; x_wconf 83' lang='lat' dir='ltr'><em>obtestari</em></span> <span class='ocrx_word' id='word_1_261' title='bbox 549 3896 641 3970; x_wconf 91' lang='lat' dir='ltr'><em>caepit,</em></span> <span class='ocrx_word' id='word_1_262' title='bbox 650 3873 758 3968; x_wconf 41' lang='lat' dir='ltr'><em>&#39;quondo</em></span> <span class='ocrx_word' id='word_1_263' title='bbox 770 3909 803 3946; x_wconf 92' lang='lat' dir='ltr'><em>ea</em></span> <span class='ocrx_word' id='word_1_264' title='bbox 820 3905 863 3946; x_wconf 92' lang='lat' dir='ltr'><em>res</em></span> <span class='ocrx_word' id='word_1_265' title='bbox 879 3883 949 3944; x_wconf 89' lang='lat' dir='ltr'><em>nihil</em></span> <span class='ocrx_word' id='word_1_266' title='bbox 964 3873 1014 3960; x_wconf 78' lang='lat' dir='ltr'><em>ipsi</em></span> <span class='ocrx_word' id='word_1_267' title='bbox 1027 3885 1150 3940; x_wconf 86' lang='lat' dir='ltr'><em>nocitura</em></span> <span class='ocrx_word' id='word_1_268' title='bbox 1162 3883 1239 3959; x_wconf 75' lang='lat' dir='ltr'><em>effet3</em></span> <span class='ocrx_word' id='word_1_269' title='bbox 1259 3900 1293 3942; x_wconf 88' lang='lat' dir='ltr'><em>ne</em></span> 
     </span>
     <span class='ocr_line' id='line_1_34' title="bbox 407 3977 1291 4070; baseline -0.01 -27"><span class='ocrx_word' id='word_1_270' title='bbox 407 3991 544 4067; x_wconf 63' lang='lat' dir='ltr'><em>¹reciperet</em></span> <span class='ocrx_word' id='word_1_271' title='bbox 554 3989 661 4070; x_wconf 72' lang='lat' dir='ltr'><em>quidem¹</em></span> <span class='ocrx_word' id='word_1_272' title='bbox 670 4007 785 4056; x_wconf 87' lang='lat' dir='ltr'><em>uxorem,</em></span> <span class='ocrx_word' id='word_1_273' title='bbox 784 3981 817 4063; x_wconf 82' lang='lat' dir='ltr'><em>fi</em></span> <span class='ocrx_word' id='word_1_274' title='bbox 821 3986 864 4042; x_wconf 84' lang='lat' dir='ltr'><em>ita</em></span> <span class='ocrx_word' id='word_1_275' title='bbox 874 3981 1027 4040; x_wconf 82' lang='lat' dir='ltr'><em>uideretur:</em></span> <span class='ocrx_word' id='word_1_276' title='bbox 1039 3977 1091 4060; x_wconf 75' lang='lat' dir='ltr'><em>ſsd</em></span> <span class='ocrx_word' id='word_1_277' title='bbox 1100 3987 1191 4036; x_wconf 87' lang='lat' dir='ltr'><em>tamen</em></span> <span class='ocrx_word' id='word_1_278' title='bbox 1203 3981 1291 4056; x_wconf 82' lang='lat' dir='ltr'><em>nefia-</em></span> 
     </span>
     <span class='ocr_line' id='line_1_35' title="bbox 422 4070 1293 4163; baseline -0.006 -24"><span class='ocrx_word' id='word_1_279' title='bbox 422 4081 571 4144; x_wconf 85' lang='lat' dir='ltr'><em>mamillicss</em></span> <span class='ocrx_word' id='word_1_280' title='bbox 581 4083 715 4163; x_wconf 77' lang='lat' dir='ltr'><em>proderet.</em></span> <span class='ocrx_word' id='word_1_281' title='bbox 736 4075 1078 4162; x_wconf 72' lang='lat' dir='ltr'><em>ltaststolturuncrecipit.</em></span> <span class='ocrx_word' id='word_1_282' title='bbox 1101 4070 1197 4152; x_wconf 69' lang='lat' dir='ltr'><em>Qum</em></span> <span class='ocrx_word' id='word_1_283' title='bbox 1205 4077 1293 4156; x_wconf 84' lang='lat' dir='ltr'><em>igitur</em></span> 
     </span>
    </p>
   </div>
   <div class='ocr_carea' id='block_1_2' title="bbox 0 0 1876 5259">
    <p class='ocr_par' dir='ltr' id='par_1_2' title="bbox 0 0 1876 5259">
     <span class='ocr_line' id='line_1_36' title="bbox 0 0 1876 5259; baseline 0 0"><span class='ocrx_word' id='word_1_284' title='bbox 0 0 1876 5259; x_wconf 95' lang='lat' dir='ltr'><em> </em></span> 
     </span>
    </p>
   </div>
  </div>
 </body>
</html>
