3700 5259
569 845 621 898 ²5²
806 837 1181 888 Pnoumto.

573 939 641 1004 Non
651 942 760 1004 causam
774 944 848 1015 dico,
863 944 944 1024 quin,
958 947 1037 1023 quod
1045 946 1163 1006 meritae
1176 945 1220 1016 fit,
1232 941 1314 1012 ferat.

574 1039 631 1096 Sed
644 1039 663 1097 fi
674 1040 737 1117 quia
749 1037 822 1097 forte
832 1037 941 1096 malitia
950 1038 1038 1097 fretun
1048 1039 1107 1110 sua,

575 1131 691 1190 Infidiaa
703 1133 810 1193 nostrae
824 1133 891 1194 fecit
900 1134 1110 1205 adolescentiae,

572 1225 623 1285 Ac
632 1225 710 1284 vicit:
725 1227 851 1286 nostrane
862 1227 986 1306 eaculpa
996 1228 1045 1296 est,
1060 1249 1094 1285 an
1104 1227 1250 1307 judicum?
1407 1249 1446 1314 ,ις

572 1319 634 1404 Qi
648 1319 727 1400 saepe
741 1337 858 1402 propter
871 1323 1006 1382 invidiam
1014 1323 1143 1382 adimunt
1154 1320 1246 1390 diviti,
1419 1322 1423 1326 ’
1439 1307 1443 1322 ’

573 1411 640 1472 Aut
653 1421 771 1494 propter
784 1417 998 1477 misericordiam
1010 1419 1118 1475 addunt
1132 1415 1264 1494 pauperi?

575 1511 626 1569 Ge.
636 1512 675 1572 Ni
684 1515 785 1574 uoffem
793 1513 913 1584 causam,
926 1515 1067 1573 crederem
1077 1533 1141 1574 vera
1151 1513 1226 1571 hunc
1235 1510 1326 1588 loqui.

573 1605 627 1663 De.
639 1607 690 1664 An
700 1609 941 1688 quisquamjudex
955 1609 1005 1678 est,
1020 1609 1069 1687 qui
1080 1608 1161 1688 poffit
1177 1608 1287 1666 noscere

571 1697 732 1778 Tuajusta:
746 1701 795 1759 ubi
810 1715 870 1770 tute
881 1703 995 1766 verbum
1009 1711 1064 1759 non
1076 1701 1252 1779 respondeas,
1411 1718 1452 1780 50

573 1795 622 1854 Ita
635 1812 668 1856 ut
681 1797 727 1861 ille
738 1798 823 1858 fecit?
843 1801 895 1858 Ph.
909 1799 1033 1858 Funetus
1043 1797 1286 1857 adolescentuliest

573 1889 707 1949 Officium
717 1891 850 1953 liberalia.
871 1880 1018 1971 postquam
1029 1889 1182 1970 adjudices

570 1986 696 2047 Ventum
709 1989 757 2058 est,
772 2009 827 2047 non
837 1988 933 2079 potuit
944 1986 1071 2068 cogitata
1084 1983 1231 2064 proloqui·

573 2083 619 2142 Ita
632 2105 696 2142 eum
708 2098 771 2142 tum
780 2083 911 2142 timidum
920 2081 960 2139 ibi
970 2079 1154 2159 obstupefecit
1163 2081 1264 2158 pudor.

573 2179 623 2236 Ge.
636 2177 738 2236 Laudo
746 2178 830 2236 hunc
845 2176 891 2234 sed
899 2175 968 2234 ceffo
979 2173 1055 2233 adue
1063 2193 1149 2250 quam
1159 2192 1279 2251 prnmum
1289 2169 1397 2230 senem³
1409 2190 1449 2252 55
1562 2204 1563 2247 3

571 2255 662 2340 Here,
676 2272 764 2330 salve:
780 2272 882 2354 salvom
896 2285 924 2330 te
935 2271 1068 2329 adnemssb
1078 2272 1199 2352 gaudeo.
1221 2271 1274 2328 De.
1285 2268 1352 2328 Ho!

508 2413 515 2430 .
571 2366 759 2439 Bonecustos,
774 2369 860 2430 salve·
876 2365 1221 2435 columenverofamiliae,

570 2461 626 2521 eui
638 2465 828 2524 commendavi
837 2465 928 2524 filium
937 2464 1003 2522 hinc
1017 2463 1112 2521 abieno
1122 2483 1223 2542 meum.

572 2558 622 2616 Ge.
633 2557 697 2631 Jam
707 2559 814 2616 dudum
829 2572 857 2617 te
871 2579 966 2616 omnes
978 2579 1028 2647 non
1039 2557 1165 2614 accusare
1174 2538 1257 2614 audio

571 2647 732 2710 Immerito.
725 2667 777 2710 et
788 2656 888 2712 horum
902 2644 1082 2711 meomnium
1095 2653 1314 2711 immeritiffimO.
1405 2653 1453 2715 6ο

567 2744 643 2805 Nam
657 2746 727 2832 quid
736 2769 780 2806 me
791 2748 819 2806 in
833 2750 886 2808 hac
899 2769 929 2806 re
942 2746 1033 2806 facere
1043 2746 1151 2805 voluisti
1162 2746 1233 2804 tibi?

568 2837 684 2897 Servom
696 2839 837 2899 hominem
850 2839 960 2900 causam
973 2859 1052 2898 orare
1062 2825 1138 2920 leges
1150 2859 1204 2896 non
1214 2837 1321 2896 finunt·

567 2933 669 3011 Neque
679 2935 827 2993 testimonii
837 2935 923 2995 difflo
935 2935 982 2992 est.
1004 2935 1058 2994 De.
1070 2933 1159 2991 Mitto
1172 2930 1281 2990 omniat

566 3028 657 3088 Addo
667 3029 928 3116 1stuc1mprudene
939 3042 1035 3087 tunmt
1044 3027 1215 3086 adolescens
1230 3026 1297 3115 fluo.

566 3123 616 3184 Tu
627 3125 727 3182 servos.
749 3145 844 3182 verum
859 3126 878 3182 fi
892 3138 1015 3206 cognata
1029 3123 1066 3181 est
1081 3141 1219 3188 maxume,

565 3219 631 3284 Non
643 3219 698 3278 fuit
709 3220 809 3278 neceffe
820 3221 938 3280 habere.
956 3220 1013 3288 fed,
1031 3219 1061 3277 id
1071 3220 1148 3295 quod
1157 3217 1202 3274 lex
1208 3213 1300 3296 jubet,

566 3315 675 3378 Dotem
687 3313 806 3372 daretis:
823 3327 968 3390 quaereret
982 3313 1107 3372 alium
1081 3335 1179 3377 mrum.

564 3410 632 3490 Qa
647 3406 755 3465 ratione
769 3406 881 3500 inopem
896 3408 991 3486 potiua
1002 3398 1122 3466 ducebat
1136 3406 1267 3468 domum?
1334 3433 1337 3437 ·

565 3501 613 3556 Oe.
624 3499 689 3556 Non
700 3513 782 3568 rat1o
798 3521 894 3558 verum
910 3515 1060 3581 argentum
1069 3503 1175 3561 deceat.
1197 3501 1250 3557 De.
1261 3497 1389 3554 Sumenet

564 3575 717 3652 Alicunde.
741 3596 790 3652 Ge.
800 3593 957 3652 Alicunde!
975 3593 1092 3651 nihilest
1102 3590 1306 3651 ἁίἑὶιιὶαεὶίἰιιι.
1386 3605 1463 3699 ·7Q

564 3687 618 3749 De.
629 3673 781 3758 Postremo,
796 3688 903 3746 finullo
918 3687 974 3745 alio
986 3687 1081 3765 paeto,
1095 3685 1218 3742 foenore.

563 3779 612 3835 Ge.
626 3777 703 3835 Hui¹
720 3779 791 3836 dixti
803 3779 930 3858 pulchre,
944 3767 1080 3856 fiquidem
1093 3777 1239 3856 quisquam
1250 3774 1376 3831 erederet

562 3871 644 3930 Te
618 3893 689 3930 vnvo
711 3873 764 3931 De.
775 3875 851 3944 N'on,
867 3896 920 3932 non
933 3874 969 3930 fic
982 3872 1165 3931 futurum'ste
1181 3893 1236 3928 non
1247 3867 1347 3949 potest

562 3967 659 4048 Egon’
674 3965 750 4024 illam
761 3988 824 4025 cum
839 3965 887 4025 illo
898 3976 930 4025 ut
940 3967 1034 4045 patiar
1042 3978 1159 4044 nuptam
1173 3983 1258 4022 unum
1266 3960 1359 4019 diem?

561 4060 639 4151 Nphil
651 4052 730 4124 suane
744 4060 923 4146 meritum³st.
945 4055 1336 4149 hominemcommonttrarsser
1400 4072 1461 4144 75,
