3700 5259
1082 680 1106 715 ,r

570 787 619 844 m
828 731 1192 832 Pflokfilm

571 891 615 971 Ut
626 888 717 969 potui,
730 904 847 970 nuptum
862 891 1000 974 virginem
1010 892 1099 952 locavi
1113 891 1178 951 huic
1188 888 1364 962 adolescenti,
1407 906 1441 970 23

572 983 686 1046 Harum
701 987 799 1064 quiesi
812 987 943 1048 dominus
958 987 1078 1046 aedium.
1102 988 1151 1048 Ch.
1162 986 1378 1066 Antiphonine?
1398 989 1440 1044 So.

694 1079 786 1138 Hem!
803 1079 844 1138 isli
856 1081 917 1159 ipsi.
1287 1161 1292 1167 ·

570 1175 722 1262 ch.Qid!
748 1177 849 1238 duasne
872 1177 896 1236 is
922 1197 1023 1236 uxores
1042 1176 1146 1236 habet?
1173 1177 1217 1234 So.
1229 1171 1294 1233 Au!
1317 1173 1443 1232 obsecroz

691 1293 774 1330 unam
788 1272 835 1331 ille
846 1273 962 1350 quidem
975 1273 1047 1332 hanc
1060 1269 1156 1330 solam.

570 1365 618 1424 ch.
630 1365 711 1452 Qid
732 1365 779 1424 illa
798 1367 897 1436 altera,
919 1383 992 1444 quae
1010 1366 1114 1426 dicitur
1134 1365 1278 1447 cognata?
1307 1363 1443 1423 S0.Haec

688 1480 758 1540 ergo
772 1460 819 1518 est.
844 1462 891 1521 Ch.
903 1458 1055 1545 Qidais?
1075 1519 1080 1526 ,

569 1555 613 1614 So.
625 1555 788 1635 Composito
801 1557 907 1618 facium
919 1558 963 1627 ’ἃς
983 1558 1126 1634 quomodo
1139 1557 1212 1614 hanc
1225 1576 1321 1614 amans
1342 1553 1442 1612 habere

688 1653 775 1730 posset

568 1745 635 1806 sine
649 1749 725 1807 dote.
749 1750 796 1808 cb.
810 1748 852 1808 Di
866 1747 986 1806 vostram
998 1747 1098 1805 fidem!
1119 1765 1206 1823 quam
1220 1744 1301 1823 saepe
1313 1742 1388 1802 sorte
1400 1756 1440 1802 tc·

688 1865 762 1902 mere
968 1903 973 1910 ,
1405 1859 1442 1918 30

566 1936 719 2008 Eveniunt,
734 1961 805 2016 quae
819 1961 874 2000 non
888 1940 990 1998 audeas
1003 1939 1117 2016 optare!
1133 1936 1236 1995 offendi
1247 1935 1406 2004 adveniens,

565 2032 627 2117 Qi
637 2054 701 2091 cum
715 2033 852 2104 volebam,
867 2049 953 2112 atque
967 2047 1000 2092 ut
1013 2032 1151 2102 volebam,
1165 2032 1332 2090 collocatam
1346 2030 1440 2091 filiam.

565 2128 709 2211 Qodnos
717 2129 890 2207 amboopere
899 2149 1030 2188 maxumo
1039 2128 1174 2192 dabamus
1181 2147 1306 2206 operam,
1313 2140 1346 2185 ut
1353 2128 1442 2197 fieret,

566 2220 632 2280 Sine
644 2219 733 2278 nostra
747 2242 824 2292 cura,
836 2243 966 2284 maxuma
979 2222 1030 2286 sua
1037 2241 1115 2292 cura,
1124 2222 1193 2280 haec
1207 2220 1264 2280 sola
1273 2220 1352 2280 fecit.

566 2313 1059 2404 550.Nuncquidopusfasiofitflide.
1075 2312 1442 2394 pateradolescentisceniu
1548 2370 1549 2413 1

565 2406 697 2488 Eumque
712 2409 804 2468 animo
816 2409 913 2489 iniquo
924 2411 978 2470 hoc
992 2410 1098 2490 oppido
1107 2409 1179 2469 serre
1189 2412 1278 2489 ajunt.
1302 2409 1351 2470 ch.
1363 2408 1441 2468 Nihil

685 2505 830 2582 pericli'st.
1404 2508 1440 2584 36

566 2597 623 2656 sed
633 2617 683 2674 per
698 2597 777 2657 Deos
792 2613 877 2678 atque
891 2598 1033 2660 homines!
1056 2623 1146 2661 meam
1160 2600 1211 2660 esse
1224 2602 1307 2673 hanc,
1321 2617 1440 2660 cavere·

583 2681 591 2700 ³
686 2687 781 2748 sciscat
791 2691 948 2770 quisquam.

566 2785 610 2843 So.
622 2783 714 2844 Nemo
728 2807 762 2846 ex
776 2808 820 2846 mc
834 2787 925 2848 scibit.
959 2791 1007 2851 Ch.
1019 2791 1143 2870 Sequere
1159 2812 1213 2849 me.
1243 2789 1320 2851 intus
1334 2804 1440 2850 caetera

685 2882 790 2942 audies.

696 3043 891 3108 ACTUS
934 3050 971 3108 V.
1014 3047 1207 3110 SCENA
1249 3049 1293 3107 II.

801 3169 1015 3218 DEMIPHO.
1046 3172 1173 3220 GETA.

907 3267 1089 3310 nmmo.

565 3331 956 3421 NOSTRAPTEculpa
965 3344 1093 3415 facimus,
1101 3359 1132 3404 ut
1142 3340 1230 3405 malos
1239 3342 1370 3426 expediat
1378 3342 1441 3420 esse,

565 3431 645 3494 Dum
657 3436 772 3496 nimium
782 3436 838 3496 dici
847 3459 899 3496 nos
910 3438 1000 3497 bonos
1013 3439 1153 3498 studemus
1163 3455 1190 3498 et
1201 3440 1349 3523 benignos.

566 3529 611 3590 Ita
619 3532 764 3614 fugias,ne
774 3547 882 3608 praeter
889 3531 990 3602 casam,
996 3534 1074 3610 quod
1082 3535 1170 3612 ajunt.
1184 3537 1440 3608 nonneidsaterat‚

564 3623 704 3704 Accipere
718 3627 754 3684 ab
769 3625 817 3686 illo
831 3625 978 3704 injuriam?
996 3625 1082 3708 etiam
1096 3632 1284 3710 argentum’st
1297 3630 1374 3690 ultro
1386 3634 1439 3692 ob·
1546 3674 1547 3699 i

681 3718 803 3797 jecsum:

564 3811 608 3870 Ut
620 3810 663 3881 fit,
675 3812 724 3890 qui
738 3812 823 3884 vivat,
837 3815 904 3874 dum
913 3813 991 3875 aliud
1002 3814 1112 3894 aliquid
1122 3815 1224 3900 flagitii
1237 3823 1378 3882 conficiat.
1421 3840 1439 3900 5

566 3907 613 3966 Ge.
625 3907 800 3970 Planisiume.
822 3911 877 3970 De.
886 3911 945 3972 His
966 3935 1041 3974 nunc
1057 3915 1214 3993 praemium
1226 3917 1276 3990 est,
1297 3917 1347 3996 qui
1363 3919 1441 3986 tesia
1545 3974 1546 3981 ,

683 4025 770 4084 prava
783 4003 900 4066 faciunt.
