3700 5259
717 831 1183 909 ΛιουΜΕκτυΜ.’
1361 866 1376 913 3

492 944 601 1018 aliquot
609 965 693 1005 annus
706 966 768 1003 eam
775 964 835 1007 cum
838 944 903 1020 filia
914 942 1044 1021 Chrpfide,
1052 946 1121 1021 pari
1134 942 1375 1019 utramqusstsdis.

491 1038 635 1114 educasset,
653 1040 756 1098 decedit
770 1039 823 1121 ¹⁶?st
835 1056 932 1114 quoque
944 1038 977 1097 de
990 1042 1060 1097 vitu.
1099 1037 1210 1121 Chrphs,
1227 1040 1335 1121 quaese
1350 1051 1378 1105 et

492 1134 592 1190 orbam
602 1143 630 1191 et
641 1137 744 1211 inopem
756 1136 868 1203 uideret,
881 1135 994 1215 abrepta
999 1134 1090 1215 secum
1106 1134 1235 1211 Glycerio,
1253 1133 1377 1197 Athenas

493 1232 634 1309 navigat:
655 1234 701 1287 uhi
709 1251 789 1305 quum
800 1230 967 1305 aliquamdiu
976 1234 1064 1287 vitam
1071 1230 1139 1292 lana
1153 1230 1257 1306 telaque
1268 1232 1376 1311 tuleras·

485 1324 548 1403 set,
562 1322 771 1398 adpqstremum,
788 1324 975 1406 adolescentum
987 1322 1127 1391 blandities
1140 1332 1167 1381 et
1175 1323 1376 1399 pollicitationi·

495 1415 548 1471 bus
562 1416 645 1481 viiia,
663 1414 795 1491 quaestum
809 1428 914 1492 corpure
921 1416 1018 1491 fiscere
1033 1414 1139 1491 incepit.
1171 1414 1331 1471 Ventitahat
1340 1414 1380 1476 sd

494 1528 563 1567 eam
578 1509 651 1566 inter
659 1518 774 1567 caeteros
788 1507 958 1587 Pamphilus,
976 1508 1090 1567 Simonis
1094 1507 1181 1583 filius,
1191 1510 1287 1583 prohus
1300 1516 1327 1571 et
1340 1508 1374 1567 li·

495 1600 587 1661 berall
594 1602 735 1678 praeditus
753 1606 859 1682 ingenio
877 1602 1018 1689 aduliscens
1024 1628 1036 1672 ,·
1060 1607 1106 1678 qui
1120 1624 1172 1665 nou
1188 1603 1316 1683 Chrffidis
1332 1602 1377 1671 dl,

496 1698 615 1774 quidem,
619 1697 671 1778 sed
679 1697 758 1775 ipstus
768 1697 886 1774 Glycerii
895 1701 1004 1773 mirifico
1013 1700 1123 1773 quodam
1136 1716 1225 1761 amore
1232 1700 1374 1776 percuffiu,
1454 1708 1459 1717 '

490 1794 613 1871 primus,
616 1790 734 1875 pinusque
740 1812 840 1855 cumea
852 1812 909 1851 rem
921 1792 1025 1861 hahuit,
1035 1792 1376 1875 fidemquejamgruvidat

496 1889 584 1956 dedit,
597 1908 657 1945 eam
680 1890 718 1944 sbi
730 1888 913 1963 uxoremsore.
948 1887 1103 1971 Susceperat
1116 1898 1143 1945 st
1151 1886 1237 1963 postea
1252 1888 1375 1951 Chremes

493 1981 586 2041 aliam
591 1982 692 2057 filiam,
707 1980 895 2041 Philumenam
906 1985 1019 2049 nomine,
1034 2002 1144 2055 eamque
1154 1982 1230 2061 (jam
1241 1986 1312 2041 enim
1324 2004 1374 2044 nu-

494 2074 650 2150 biliserat)
663 2075 814 2153 Pamphilo,
827 2077 894 2131 hona
907 2072 1071 2154 adolescentis
1085 2074 1309 2155 impuffissfirma,
1324 2074 1374 2139 sd-

495 2172 586 2231 locare
606 2174 736 2249 cupiebat.
770 2170 850 2247 Quid
861 2168 970 2226 multa?
1001 2167 1070 2227 ultro
1089 2170 1128 2225 ad
1143 2170 1274 2229 Simonem
1291 2176 1375 2241 veuit,

495 2288 561 2323 cum
573 2288 600 2324 eu
611 2270 744 2347 negotium
758 2268 869 2341 conficit.
897 2264 982 2349 Ispiio
993 2258 1143 2337 Pamphilo,
1156 2261 1188 2319 de
1199 2265 1374 2345 consmuuise-

495 2382 564 2417 num
572 2358 866 2442 sesdesstia‚fhciuudis
879 2360 981 2433 nuptiis
998 2356 1164 2429 cmssituitur
1176 2357 1241 2415 dies.
1279 2357 1375 2423 Adhuc

497 2457 564 2513 haec
570 2467 660 2525 erant,
671 2476 751 2531 quum
760 2452 860 2532 Chrysts
874 2454 998 2508 moritur.
1019 2450 1063 2509 Ibi
1070 2454 1191 2527 primum
1200 2452 1273 2508 Simo
1282 2453 1313 2509 de
1317 2452 1375 2527 filii

498 2552 733 2629 asnorecognuvit:
746 2570 810 2607 nam
819 2568 879 2607 cum
886 2548 961 2605 ambo
970 2567 1024 2603 una
1032 2549 1061 2603 in
1061 2548 1150 2624 fimus
1154 2547 1316 2624 prodiiffem,
1326 2562 1373 2619 aaa

496 2630 576 2712 cidit,
581 2654 626 2712 -ut,
630 2642 715 2721 poſsta
723 2646 753 2701 in
760 2647 849 2724 ignem
862 2640 991 2718 Chrpfide‚
1003 2640 1152 2715 Glycerium
1152 2644 1194 2724 se,
1200 2656 1271 2721 prae
1280 2642 1374 2703 doloris

486 2740 679 2815 impatientia,
690 2742 774 2799 eodem
786 2739 935 2813 conjedura
954 2736 1099 2797 videretur.
1133 2738 1269 2801 Adsumit
1285 2738 1372 2797 Pam-

488 2832 593 2911 philus,
615 2855 723 2909 eamque
740 2837 854 2896 mediam
870 2832 1016 2912 amplexus,
1033 2839 1076 2893 ita
1093 2836 1218 2919 consolari
1233 2838 1325 2911 coepit,
1342 2845 1374 2897 ut

488 2926 627 3003 plurimas
639 2932 795 3006 minimeque
806 2932 900 2989 duhias
912 2934 996 2989 totius
1013 2935 1054 2993 set
1062 2931 1270 3011 stgns'ficats'ones
1283 2930 1372 2989 daret.

491 3022 594 3098 Itaque
606 3028 680 3084 uenit
687 3027 726 3085 ad
733 3028 864 3085 Simonem
866 3024 991 3103 postridie
1002 3026 1135 3094 Chremes,
1146 3026 1315 3083 conditionem
1327 3040 1370 3081 re·

492 3121 625 3177 nunciat:
638 3122 822 3203 comperiffese,
834 3121 1008 3202 Pamphilum
1012 3126 1185 3201 peregrinam
1192 3122 1268 3181 illum
1277 3120 1373 3179 hahere

491 3216 524 3270 in
533 3218 622 3272 uxoris
628 3214 679 3275 loco
684 3240 697 3284 ;
717 3217 826 3297 nescius,
840 3236 871 3273 ex
872 3217 905 3295 se
917 3226 1013 3273 natam
1026 3218 1070 3293 effe
1082 3238 1152 3286 eam,
1166 3238 1246 3293 quam
1258 3219 1301 3275 ita
1311 3236 1370 3273 con-

492 3310 619 3371 tumeliae
628 3313 891 3393 cauffaperegrinam
900 3316 1058 3375 nominaret·
1090 3312 1224 3380 Gaudere,
1238 3332 1271 3367 ea
1283 3331 1314 3367 re
1326 3312 1370 3365 in-

490 3405 606 3476 tellelia,
621 3407 797 3484 Pamphilus:
813 3406 898 3467 dolere
905 3418 1008 3477 contra,
1024 3410 1138 3487 acringi
1148 3408 1229 3463 Simo.
1251 3403 1372 3469 Advenit

490 3507 599 3563 interea
612 3502 677 3571 dies,
693 3507 740 3579 qui
752 3506 855 3581 nuptiis
868 3505 947 3561 initio
952 3504 1053 3581 ficerat
1063 3501 1252 3579 praestitutus.
1287 3497 1370 3565 Simo,

489 3604 658 3658 veteratoris
673 3601 788 3675 quadam
801 3600 960 3667 calliditate,
961 3596 1131 3675 stmulaudas
1134 3594 1199 3675 fibi,
1214 3593 1254 3653 ad
1259 3602 1369 3668 perten-

490 3694 605 3753 tandum
610 3692 667 3776 filii
678 3698 808 3762 animum,
826 3697 936 3771 nuptias
939 3691 1060 3768 statuit:
1080 3690 1125 3747 hoc
1138 3691 1268 3768 cogitans,
1278 3683 1311 3761 ſs
1321 3686 1369 3743 ah·

489 3800 586 3849 nueret
591 3789 678 3864 filius,
689 3788 837 3867 ueramſshi
846 3786 1004 3866 objurgandi
1013 3784 1085 3849 illius
1095 3780 1272 3859 sauffismsore
1277 3801 1289 3846 ,·
1304 3797 1372 3851 quae

488 3886 601 3945 adeum
612 3888 681 3942 diem
693 3885 768 3944 nulla
776 3882 848 3967 satis
855 3882 932 3959 judin
937 3883 1056 3959 fluerat:
1076 3877 1124 3954 ſsu
1138 3885 1277 3943 annueret,
1283 3872 1373 3950 fissile

480 3984 525 4064 se,
537 3977 606 4053 quod
616 3978 702 4047 vellet,
716 4001 735 4035 a
750 3978 885 4037 Chremete
894 3980 1103 4052 impetraturum
1109 3994 1121 4039 ,-
1142 3980 1223 4043 atque
1234 3973 1277 4027 ita
1291 3989 1370 4029 veras

488 4076 612 4150 nuptias,
621 4070 686 4130 Diis
696 4070 898 4147 adjuvantibus,
904 4073 1013 4147 fuitum
1024 4069 1070 4124 iri.
1093 4066 1269 4129 Praeteriens
1284 4064 1371 4141 igitur

893 4163 963 4227 Aa
