3700 5259
419 636 423 640 ·
534 608 545 657 i

502 849 505 853 s
618 763 1149 878 recensui-senum.
1300 734 1345 869 1:
1399 779 1401 793 '
1460 762 1467 791 ⁸

445 917 510 977 Sed
520 934 593 973 nnnc
603 886 790 992 peropusest,
801 921 849 1000 put
863 908 1011 975 hnuceum
1022 908 1092 989 ipsa,
1102 922 1152 971 aut
1165 931 1210 971 me
1223 898 1332 993 aliquid

572 1013 608 1069 de
620 1009 669 1067 illa
685 998 830 1067 advorsum
838 1000 918 1071 ¹ltuue
931 1007 1021 1085 loqui.
1292 1024 1331 1085 30

446 1108 535 1169 Dum
548 1106 577 1165 iu
591 1105 680 1164 dubio
691 1104 731 1163 esl
745 1103 864 1173 animm,
878 1104 965 1183 paulo
973 1117 1119 1173 ¹momento
1130 1104 1186 1167 buc
1197 1100 1265 1163 illuc
1278 1101 1331 1196 iut-

573 1200 698 1280 pellitur.
1227 1230 1238 1249 1

449 1300 511 1367 Pa.
525 1296 601 1381 Qir
610 1293 809 1372 hicloquitur?
821 1292 1012 1375 Mysir,salve.
1035 1292 1135 1371 My.O
1150 1292 1231 1363 salve,
1246 1292 1330 1355 Pam·

579 1389 666 1469 phile.
683 1392 738 1448 Pa.
749 1388 831 1473 Qid
841 1387 924 1469 agit?
945 1388 1007 1464 M).
1022 1388 1138 1471 Rogas?
1454 1382 1457 1389 ¹

448 1486 587 1547 Laborat
601 1506 615 1542 e
628 1483 736 1553 dolore,
751 1497 837 1561 atque
848 1503 882 1539 ex
896 1482 951 1539 hoc
965 1480 1062 1539 misera
1071 1481 1189 1541 sollicita
1204 1482 1237 1541 ¹st
1250 1482 1311 1541 die:
1335 1528 1337 1535 .
1423 1470 1428 1484 ’
1468 1482 1471 1495 “

450 1581 535 1667 Qia
547 1578 614 1638 olim
628 1579 657 1637 in
671 1581 746 1638 hunc
760 1578 822 1637 sunt
841 1576 1008 1637 constitutae
1022 1576 1147 1655 nuptiae.
1189 1576 1268 1638 Tum
1281 1598 1331 1637 au·
1457 1636 1468 1656 f,
1507 1631 1512 1643 ,

577 1689 636 1737 tem
648 1676 703 1737 hoc
716 1673 809 1743 timet,

452 1768 504 1830 Ne
512 1767 618 1833 deseras
630 1768 667 1829 se.
689 1771 745 1831 Pa.
755 1766 845 1837 Hem,
860 1784 951 1846 egone
961 1763 1029 1822 istuc
1040 1763 1134 1823 conari
1146 1764 1264 1846 queam?
1292 1780 1332 1867 ῥς
1442 1769 1445 1779 “

453 1864 526 1945 Ego
533 1876 650 1943 propter
663 1882 708 1921 me
718 1860 796 1919 illam
806 1858 898 1938 decipi
909 1858 1036 1917 miseram
1045 1859 1146 1917 finam?

452 1962 542 2045 Qae
555 1957 625 2017 mihi
638 1957 718 2017 suum
731 1955 867 2024 animum,
880 1967 967 2037 utque
977 1974 1088 2013 omnem
1098 1953 1184 2013 vitam
1198 1951 1333 2019 credidu

453 2059 556 2141 Qam
564 2076 620 2136 ego
629 2054 723 2112 animo
736 2050 852 2134 egregie
862 2070 956 2110 caram
969 2070 1022 2129 pro
1036 2070 1123 2109 uxore
1131 2047 1293 2118 habuerim

455 2150 538 2214 Bene
550 2163 579 2210 et
591 2149 694 2228 pudice
706 2151 766 2228 ejus
776 2145 891 2206 dodum
904 2159 992 2223 atque
1005 2144 1137 2207 edietum
1150 2144 1235 2205 finam

455 2246 599 2315 Coadlum
609 2243 730 2327 egestate
739 2241 884 2323 ingenium
892 2239 1084 2301 immutarier?
1294 2260 1335 2319 40

454 2342 527 2410 Nou
537 2340 650 2403 saciam-
670 2340 734 2416 My·
745 2336 835 2399 Haud
847 2358 954 2405 vereor,
968 2335 1026 2395 siin
1039 2348 1069 2393 te
1077 2334 1135 2395 solo
1143 2335 1176 2395 stt
1184 2335 1284 2395 situm:

456 2439 519 2497 Sed
528 2438 625 2496 vimut
634 2455 718 2513 queas
732 2432 814 2491 serre.
836 2435 892 2491 Pa.
901 2431 1017 2490 Adeon'
1026 2450 1070 2489 me
1079 2428 1214 2515 ignavum
1222 2428 1324 2508 putas?

455 2530 577 2593 Adeun'
590 2551 677 2610 porro
685 2528 839 2610 ingratum,
853 2539 903 2585 aut
915 2525 1109 2597 inhumanum,
1123 2539 1174 2587 aut
1186 2526 1287 2597 senum,

458 2624 507 2681 Ut
520 2642 610 2700 neque
620 2642 664 2679 me
678 2618 859 2688 cousuetudo,
874 2640 963 2697 neque
977 2640 1066 2689 amor,
1082 2640 1170 2697 neque
1184 2621 1276 2701 pudor

375 2702 382 2709 ’
427 2718 657 2799 „communen
668 2736 759 2793 neque
767 2726 953 2783 commoneat,
965 2727 997 2773 ut
1010 2712 1111 2773 servem
1125 2716 1226 2775 fidem?
1295 2733 1336 2795 45

456 2812 524 2888 My.
531 2798 629 2870 Unum
637 2810 691 2867 hoc
700 2808 766 2879 scio,
773 2809 844 2865 hauc
852 2806 982 2864 meritam
991 2804 1051 2877 esse,
1058 2821 1089 2865 ut
1098 2829 1204 2867 memor
1212 2808 1275 2866 esses
1285 2807 1335 2867 sui.

459 2909 519 2968 Pa.
528 2904 641 2966 Memor
650 2904 748 2965 essem?
758 2925 777 2963 ο
786 2902 886 2980 Mysis,
895 2901 995 2978 Mysis,
1010 2900 1176 2963 etiamnunc
1187 2902 1257 2963 mihi

461 2998 576 3077 Scripta
585 2998 634 3057 illa
647 2998 723 3057 dieta
736 2996 800 3057 sunt
813 2996 841 3054 in
851 2985 944 3053 auimo
954 2993 1098 3071 Chrysidis

458 3090 511 3154 De
525 3090 673 3168 Glycerio-
697 3092 758 3169 jam
770 3088 857 3150 ferme
868 3086 988 3145 moriens
1003 3106 1046 3144 me
1057 3100 1156 3147 vocat:

458 3186 589 3257 Acceffi3
603 3208 652 3244 rou
663 3184 799 3244 semotae:
816 3202 866 3239 nos
877 3179 943 3239 soli:
959 3180 1075 3258 incipit;
1297 3202 1337 3264 50

389 3284 393 3289 ’
460 3279 508 3340 Mi
522 3277 681 3362 Pamphile,
695 3278 778 3357 hujus
786 3275 904 3335 sunnam
915 3288 1000 3353 atque
1010 3287 1131 3337 aetatem
1143 3276 1228 3337 vider.

461 3373 523 3431 Nec
531 3370 605 3440 clam
618 3384 647 3429 te
661 3370 710 3439 est,
725 3389 811 3451 quam
824 3367 866 3426 illi
875 3380 1011 3449 utraeque
1022 3390 1064 3427 res
1077 3392 1149 3429 nunc
1162 3370 1256 3442 utiles,

462 3468 503 3527 Et
514 3467 552 3525 ad
560 3464 737 3545 pudicitiam,
751 3476 780 3521 et
791 3463 828 3521 ad
840 3484 898 3521 rem
908 3462 1055 3521 tutandam
1066 3463 1143 3523 sient.

461 3563 552 3647 Qud
561 3583 618 3645 ego
630 3574 660 3621 te
670 3582 720 3640 per
733 3563 809 3619 hanc
819 3560 947 3619 dextram
961 3578 1024 3625 oro,
1038 3570 1065 3613 et
1077 3554 1221 3639 ingenium
1231 3567 1322 3625 tuum,

461 3656 517 3715 Per
525 3668 604 3714 tuam
619 3654 714 3723 fidem,
728 3673 834 3732 perque
847 3652 930 3730 hujus
939 3648 1116 3709 solitudinem
1298 3669 1336 3729 55

462 3750 507 3815 Te
518 3749 655 3821 obtestor,
669 3770 702 3811 ne
717 3750 804 3811 abste
813 3749 885 3808 hanc
899 3748 1041 3831 segreges,
1053 3746 1236 3809 neu'deserasz

462 3848 495 3910 Si
509 3860 537 3905 te
551 3846 580 3903 in
591 3844 720 3927 germani
734 3842 829 3902 fratris
843 3843 929 3902 dilexi
943 3844 1016 3915 loco,

463 3940 527 3999 Sive
537 3939 606 3999 baec
620 3952 649 3997 te
659 3937 748 3997 solum
759 3936 865 4017 semper
875 3936 942 3997 fecit
952 3938 1077 4009 maximi,

463 4034 521 4111 Seu
529 4031 584 4090 tibi
594 4030 737 4113 morigera
751 4028 806 4088 suit
814 4028 842 4087 in
853 4030 935 4091 rebus
950 4030 1089 4091 omnibus.
