3700 5259
523 829 556 877 h
797 831 825 879 A
858 830 885 881 N
916 832 942 882 D
977 834 1002 883 R
1036 832 1047 882 l
1080 836 1117 884 A.

470 946 474 968 ²
526 933 573 991 Ita
586 945 682 1012 aperte
695 931 784 1012 ipsam
792 957 851 995 rem
865 939 950 997 modo
965 938 1088 1012 locutus,
1103 940 1174 999 nihil
1192 938 1354 1003 circuitione
1369 956 1409 1004 u·‘

526 1121 569 1179 Si.
577 1026 801 1181 Ubivsfffsslim
809 1125 899 1203 passus
908 1129 968 1198 sun,
975 1149 1060 1207 quam
1069 1130 1098 1189 in
1107 1131 1161 1190 hac
1169 1152 1259 1201 re,me
1267 1131 1401 1191 deludier.

527 1215 587 1273 Da.
603 1214 776 1276 Booaverba
788 1220 900 1297 quaeso.
922 1225 964 1283 Si.
979 1225 1101 1285 Irrides?
1121 1226 1191 1285 nihil
1202 1248 1245 1285 me
1256 1227 1339 1287 sollio.
1357 1228 1404 1287 sed

650 1310 715 1369 dico
724 1311 789 1383 tibi,

529 1402 574 1463 Ne
584 1418 687 1465 temere
696 1407 798 1469 faciant
821 1432 910 1491 neque
920 1426 953 1473 tu
967 1414 1022 1473 hoc
1035 1415 1122 1487 dicas,
1139 1416 1193 1475 tibi
1208 1439 1263 1476 non
1276 1415 1402 1497 praedic·

650 1513 721 1560 tum.
743 1502 828 1563 Cave.

670 1632 1261 1735 Acros1.scuunru

896 1800 1045 1848 navum

531 1867 771 1947 ENIMVERO,
793 1877 886 1953 Dave,
903 1879 973 1943 nihil
984 1881 1039 1943 loci
1050 1882 1083 1940 'st
1091 1878 1235 1963 segnitiae,
1254 1905 1344 1962 neque
1359 1883 1404 1945 so·

650 1970 773 2041 cordiae,

530 2059 679 2143 Qantum
689 2063 814 2123 intellexi
827 2066 912 2125 modo
921 2066 990 2127 senis
1002 2068 1164 2129 sententiam
1175 2074 1209 2130 de
1218 2072 1334 2151 nuptiis.

531 2151 615 2233 Qec
622 2154 641 2209 fi
648 2175 704 2212 non
710 2158 769 2216 astu
773 2161 965 2237 providentur,
973 2176 1074 2234 meant
1081 2166 1179 2223 herum
1184 2167 1405 2244 pessumdabunt·

533 2239 595 2305 Nec
613 2248 684 2325 quid
700 2270 785 2333 agam
804 2271 913 2315 certum
928 2257 975 2319 ’sta
998 2258 1212 2337 Pamphilumne
1222 2262 1355 2338 adjutem,
1369 2280 1406 2319 au

652 2344 804 2407 auscultem
812 2351 883 2411 seni:
1354 2414 1356 2417 .

532 2433 563 2492 Si
573 2433 654 2495 illum
670 2438 809 2521 relinquo,
830 2449 888 2526 ejus
905 2447 979 2507 vitae
995 2448 1097 2508 timeo:
1121 2450 1159 2507 sm
1174 2448 1308 2529 opitulor,
1322 2450 1405 2527 huju·

651 2552 756 2605 mrnao3
1049 2596 1060 2605 ,
1387 2561 1405 2618 5

532 2618 588 2681 Cui
607 2624 690 2683 verba
703 2630 770 2688 dare
783 2630 895 2710 difficile
916 2634 964 2692 est.
985 2634 1107 2713 primum
1117 2638 1177 2715 jam
1194 2637 1228 2694 de
1243 2656 1335 2695 amore
1351 2636 1407 2693 hoc

654 2726 801 2802 comperit.

531 2807 582 2871 Me
592 2811 712 2878 infensus
723 2819 822 2892 servat,
836 2834 875 2883 ne·
884 2846 970 2903 quam
978 2826 1079 2891 seciam
1087 2824 1116 2885 iu
1126 2822 1231 2903 nuptiis
1239 2822 1395 2884 fallaciam:

533 2905 565 2962 Si
573 2904 694 2981 senserit,
703 2914 784 2992 perii.
811 2932 861 2976 aut
874 2920 893 2976 fi
904 2919 1026 2979 lubitum
1036 2918 1131 2987 suerit,
1140 2917 1250 2975 causam
1260 2918 1382 2996 ceperit:

531 2999 601 3083 Q>
613 3003 687 3079 jure,
707 3027 820 3087 quaque
837 3011 938 3091 injuria
951 3013 1133 3093 praecipitem
1152 3032 1196 3088 me
1214 3012 1243 3087 iu
1259 3006 1411 3090 pistrinum'

653 3099 742 3159 dabit.

533 3190 587 3251 Ad
599 3190 669 3251 haec
679 3195 816 3257 malahoc
826 3202 896 3262 mihi
906 3203 1014 3267 accedit
1028 3201 1127 3265 etiam:
1150 3201 1350 3273 haecAndriar
1371 3222 1413 3265 10-

533 3286 597 3344 Sive
607 3286 657 3345 ista
668 3312 748 3361 uxor,
759 3294 811 3354 five
822 3298 911 3357 amica
921 3299 969 3368 est,
981 3298 1097 3379 gravida
1111 3319 1125 3355 e
1137 3296 1285 3375 Pamphilo
1297 3298 1344 3355 est·

532 3378 700 3461 Audireque
709 3408 805 3446 eorum
816 3391 854 3452 est
864 3412 965 3471 operae
975 3389 1097 3469 pretium
1108 3389 1268 3452 audaciam:

486 3482 490 3488 '
527 3474 608 3534 Nam
619 3476 760 3558 incoeptio
771 3484 803 3541 ’st
814 3486 977 3555 amentium,
988 3486 1064 3543 haud
1074 3484 1238 3547 amantium.

465 3561 469 3581 ²
532 3570 683 3654 Qidquid
692 3576 847 3653 peperisset,
858 3582 1038 3655 decreverunt
1048 3580 1155 3639 tollere.

533 3662 576 3721 Et
586 3663 698 3744 fingunt
708 3671 848 3743 quandam
859 3672 932 3746 inter
942 3673 969 3731 se
980 3694 1051 3731 nunc
1063 3673 1212 3744 fallaciam,
1370 3697 1381 3735 1
1386 3700 1407 3763 ς

533 3756 631 3814 Civem
642 3758 772 3820 Atticam
783 3765 833 3823 elle
843 3767 924 3825 hanc.
948 3768 1014 3825 Fuit
1025 3768 1092 3827 olim
1103 3768 1217 3845 quidam
1228 3767 1318 3839 senex,

533 3849 691 3911 Mercator:
714 3876 811 3915 navem
821 3859 844 3917 in
855 3859 942 3942 fregit
953 3864 1028 3940 apud
1038 3862 1171 3922 Andrum
1183 3864 1313 3928 insulam:

534 3943 565 4006 Ir
577 3943 649 4015 obiit
659 3962 795 4012 mortem:
817 3952 857 4010 ibi
868 3968 929 4011 tum
939 3955 1011 4028 hanc
1023 3958 1137 4035 ejectam
1149 3958 1292 4038 Chrysidis

535 4040 648 4120 Ratrem
657 4043 796 4123 recepisse,
806 4046 914 4118 orbam,
925 4070 1050 4131 parvam,
1071 4051 1197 4125 sabulae!
1216 4105 1218 4110 .
