3700 5259
619 847 1044 902 ARGUMENTUM.
1231 861 1276 910 105

403 955 516 1036 mespilii
525 963 641 1019 amicam
653 963 699 1039 ese
709 962 860 1043 rescisceret.
893 956 936 1020 Iu·
950 961 1033 1036 Syrus
1047 957 1137 1016 audax
1148 955 1278 1033 corniliano

402 1059 463 1125 init,
477 1058 596 1130 quomodo
612 1058 639 1115 et
652 1061 760 1132 utrique
764 1057 824 1136 seni
837 1066 903 1123 rem,
925 1065 957 1112 at
968 1065 1040 1121 erat,
1055 1054 1236 1130 patefitceret,
1250 1059 1278 1106 et

402 1153 526 1210 commode
533 1151 565 1234 se
578 1175 592 1210 e
605 1158 664 1211 tain
675 1153 798 1230 impedito
806 1155 905 1232 negotio
916 1151 1058 1228 expediret.
1086 1151 1213 1212 Primum
1223 1148 1277 1225 igi·

401 1255 446 1304 tur
463 1248 606 1316 Chremeti,
621 1251 728 1326 Reperi,
743 1252 841 1322 inquit,
857 1247 975 1322 quomodo
987 1255 1132 1326 argentum
1145 1265 1165 1300 a
1178 1242 1276 1300 Mene·

402 1343 471 1400 denuo
483 1347 598 1420 eripiam
604 1368 615 1402 .·
636 1347 750 1402 dicemus
763 1346 798 1413 ei,
811 1327 972 1402 Ba'cchidem
981 1343 1049 1399 hanc
1062 1345 1105 1400 tui
1121 1339 1278 1417 Clitiphonis

403 1441 518 1502 amicam
525 1439 586 1514 ff:
606 1439 785 1518 trahimusque
795 1449 825 1496 ut
832 1461 892 1498 earn
902 1439 1042 1518 domifisae
1052 1439 1108 1495 dies
1121 1435 1223 1509 aliquot
1232 1434 1278 1510 effe

399 1539 543 1614 patiatar‚·
564 1545 640 1610 teque
651 1535 682 1592 id
691 1535 807 1593 celatum
819 1535 892 1595 velit.
916 1537 1003 1594 Porro
1013 1533 1105 1593 Clinia
1116 1532 1189 1602 filiae
1201 1541 1275 1597 tuae,

403 1655 467 1710 quae
481 1633 552 1690 modo
565 1643 672 1708 reperta
686 1630 729 1706 cst,
744 1630 925 1707 sormamſsbi
942 1630 1126 1710 complacitam
1138 1629 1183 1704 ese
1196 1626 1276 1692 dicet,

402 1751 508 1804 eamque
515 1737 590 1805 petet
599 1741 712 1784 uxorem.
745 1717 826 1803 Qld
836 1723 916 1782 tum?
931 1730 1083 1802 pecuniam,
1097 1725 1195 1796 inquit,
1202 1727 1277 1798 petet

402 1847 419 1882 a
421 1833 504 1902 patre
503 1807 563 1903 suo,
572 1807 617 1894 hui
621 1805 704 1878 nouae
709 1831 807 1896 nuptae
812 1830 969 1876 ornamenta
977 1813 1093 1876 co'e'mat:
1106 1813 1276 1890 casapecuni-

402 1940 443 1976 am
464 1925 655 1975 nunreraturus
674 1911 709 1987 est
724 1913 862 1971 Bacchidi.
892 1915 968 1992 Jam
984 1922 1076 1970 autem
1092 1911 1132 1967 ad
1147 1905 1275 1965 Menede-

404 2039 484 2085 mum,
500 2016 564 2090 Syri
575 1999 694 2080 hortatu,
709 2009 855 2087 transierat
869 2009 994 2077 Bacchis,
1009 2018 1037 2065 et
1049 2028 1076 2064 eo
1085 2018 1209 2082 pompam
1221 2020 1275 2056 om·

404 2138 459 2174 nem
458 2119 542 2198 fisum
551 2110 750 2192 transduxerat.
774 2105 906 2172 Chremes,
916 2108 1005 2180 primo
1014 2098 1139 2181 nonsatis
1147 2093 1277 2174 corfilinm

399 2211 606 2288 illudprohare':
627 2216 659 2262 at
671 2203 747 2262 iliam
762 2199 842 2268 certe',
857 2202 945 2273 inquit
959 2199 1053 2274 Syrus,
1063 2194 1215 2272 pecuniam,
1225 2199 1276 2264 pro

404 2323 453 2378 qua
458 2305 524 2382 filia
537 2313 587 2361 tua
595 2289 709 2380 ¹oppoſst‘a
723 2307 784 2355 erat
789 2299 907 2376 pignori,
919 2298 983 2370 quin
992 2291 1120 2370 discisus,
1125 2283 1275 2365 facereho·

403 2379 529 2478 neste'non
539 2380 622 2476 potes.
654 2396 714 2476 Ego
724 2403 795 2462 oer‘o,
806 2395 894 2467 inquit
909 2391 1042 2454 Chremes,
1052 2395 1079 2443 et
1091 2384 1203 2442 libenter
1215 2379 1276 2452 qui·
1303 2409 1306 2412 ⁴

403 2500 466 2556 dem.
490 2497 573 2555 Immo
586 2517 658 2562 vero,
673 2495 734 2568 infit
749 2491 842 2564 Syrus,
857 2487 919 2544 dato
937 2504 997 2542 eam
1012 2474 1166 2556 Clitiphoni,
1176 2475 1227 2548 'qni
1239 2471 1281 2531 ad

401 2593 560 2651 Bacchidem
578 2591 697 2667 deferm:
718 2590 761 2644 ita
779 2586 849 2641 enim
858 2579 974 2660 sterilius
990 2575 1078 2635 credet
1091 2568 1275 2636 Menedemus,

402 2666 539 2745 eamilliies
549 2687 603 2762 effe
626 2685 671 2741 Sit
681 2685 723 2740 ita
726 2681 803 2762 sane.
825 2680 1120 2749 Numeraturapatre
1133 2663 1277 2740 Clitiphoni
1348 2654 1352 2664 ’

396 2786 521 2866 pecunia,
536 2801 616 2856 quam
635 2779 675 2837 ad
685 2777 848 2836 meretricem
857 2773 1002 2850 persirret.
1034 2766 1146 2824 interea
1159 2770 1217 2818 tota
1232 2775 1276 2814 res

401 2879 549 2956 detegitur:
572 2873 712 2952 indignari
725 2868 857 2932 Chremes,
878 2875 904 2920 et
915 2864 1046 2940 fremere,
1066 2869 1094 2917 et
1107 2853 1234 2913 minitari
1244 2847 1277 2929 st

400 2974 489 3027 omnia
503 2971 659 3042 atrociffima
672 2963 786 3040 exempla
800 2951 944 3018 editurum.
967 2955 1098 3020 Tandem,
1112 2947 1276 3026 quumprius

402 3061 573 3139 Antiphilam
593 3057 697 3118 Cliniae
709 3055 855 3131 collocaset,
871 3053 978 3129 partim
991 3046 1154 3110 Menedemi,
1168 3039 1276 3118 partim

397 3161 490 3217 uxoris
499 3141 625 3234 precihus·
634 3151 769 3220 delinitus,
788 3147 905 3230 ignoscit.
932 3143 1093 3224 Clitiphose,
1106 3138 1206 3198 relitiis
1219 3153 1273 3193 me·

399 3255 517 3312 retriciis
530 3249 673 3316 amoribus,
685 3267 789 3306 uxorem
798 3247 939 3304 doliorum
944 3239 1095 3320 pollicetur.
1118 3237 1213 3314 Qum
1222 3251 1274 3290 au·

399 3359 452 3406 tem
464 3357 635 3404 caeterarum
644 3343 808 3422 scedularum
821 3350 1009 3422 argumentum
1027 3359 1077 3397 uno
1090 3337 1132 3396 elie
1145 3339 1274 3397 contineri

394 3441 489 3523 soleat,
499 3443 576 3520 hujus
588 3463 638 3500 non
651 3439 702 3520 nffi
708 3440 783 3498 biduo
793 3437 921 3520 explicari
929 3434 1020 3516 potest.
