3700 5259
519 841 781 894 Aetnam.
829 839 1015 894 sennan
1066 840 1109 896 iv.
1211 826 1269 898 'at

390 953 442 1012 Pb.
454 951 514 1042 Qi
528 955 565 1014 ad
579 977 627 1014 vos
638 955 775 1016 dedudius
787 953 871 1014 hodie
881 953 929 1014 est.
951 957 1002 1032 Py.
1014 952 1103 1014 Hunc
1112 952 1201 1014 oeulis
1212 955 1267 1041 suit

388 1045 555 1108 Nostrarum
567 1071 720 1130 numquam
735 1051 881 1130 quisquam
891 1049 974 1120 vidit,
984 1050 1132 1110 Phaedria.
1231 1073 1263 1113 11

389 1143 439 1201 Ph.
451 1143 517 1202 Non
533 1144 625 1205 vidit?
646 1151 698 1224 Pyt
711 1146 762 1205 An
773 1159 805 1204 tu
819 1146 893 1204 hunc
907 1143 1048 1204 credidisti
1064 1146 1125 1217 effe,
1139 1147 1265 1220 obsecro,

387 1234 437 1295 Ad
446 1257 497 1296 nos
508 1237 677 1299 dedndtum?
698 1240 751 1298 Ph.
762 1227 837 1298 Nam
850 1237 954 1316 quem?
973 1236 1060 1296 alium
1076 1239 1163 1300 habui
1177 1243 1265 1302 nemi-

506 1353 580 1392 nem.
603 1337 655 1413 Py.
667 1335 738 1394 Aul

388 1423 429 1486 Ne
442 1431 647 1507 comparandus
656 1430 702 1489 hic
716 1430 832 1509 quidem
844 1425 880 1488 ad
891 1427 971 1486 illum
982 1427 1035 1488 est:
1057 1428 1105 1490 ille
1117 1445 1178 1492 erat

388 1521 512 1581 Honesta
522 1523 593 1583 faeie
604 1539 633 1584 et
646 1525 773 1585 liberali.¹¹
790 1526 843 1585 Ph.
854 1525 901 1583 ita
914 1524 986 1584 visus
997 1525 1035 1584 est
1229 1546 1240 1585 1
1243 1545 1261 1606 ς

387 1617 513 1690 Dudum,
526 1620 593 1698 quia
604 1621 681 1680 varia
694 1621 769 1680 veste
784 1633 935 1679 exornatus
946 1620 1015 1680 fuit:

386 1711 509 1772 Nunceo
523 1715 578 1774 tibi
594 1717 707 1776 videtur
722 1715 832 1787 foedus,
844 1715 911 1795 quia
924 1715 1003 1774 illam
1013 1732 1069 1773 non
1079 1714 1175 1774 habet.

389 1813 436 1886 Py.
449 1811 529 1870 Tace
542 1812 672 1884 obiectos
694 1812 771 1892 quasa
786 1825 849 1869 ver'o
862 1811 989 1892 paullum
1002 1810 1136 1869 interfiet.

386 1905 436 1964 Ad
449 1929 501 1966 nos
515 1909 651 1968 dedudua
666 1907 750 1966 hodie
760 1906 799 1964 est
810 1905 1042 1976 adolescentulus,

385 2000 477 2086 Qem
494 2013 527 2058 tu
536 2020 601 2058 vero
615 1999 709 2058 videre
723 1997 817 2067 velles,
829 1998 978 2058 Phaedria.
1225 2014 1263 2058 20

385 2093 443 2154 Hic
456 2096 496 2156 est
511 2110 600 2167 vetus,
613 2095 715 2164 vietus,
727 2092 897 2162 veternosus,
906 2091 1000 2162 senex,

384 2187 487 2250 Colore
497 2189 663 2249 mustellino.
687 2189 742 2248 Ph.
759 2187 848 2257 Hem,
863 2207 936 2266 quae
946 2187 1017 2246 haec
1027 2183 1065 2246 est
1076 2183 1191 2247 fabula?

293 2335 295 2350 ᾗ
384 2283 428 2342 Εο
441 2285 549 2369 redigis
558 2307 613 2356 me,
625 2297 668 2354 ut,
677 2281 747 2361 quid
756 2280 873 2363 egerim,
888 2295 1002 2362 egomet
1011 2281 1138 2342 nesciam.

293 2375 294 2388 ¹
384 2377 503 2439 Ehotu!
519 2377 720 2460 emin'egote?
740 2375 911 2436 D0.Emisti.
935 2378 1077 2454 Py.Jube,
1087 2376 1155 2436 mihi
1168 2377 1261 2436 denuo

292 2447 294 2468 ⁸
385 2473 572 2556 Respondeat.
594 2475 648 2536 Ph.
660 2473 755 2557 Roga.
776 2475 828 2550 Py.
839 2471 976 2533 Venistin'
987 2473 1071 2537 hodie
1081 2474 1120 2532 ad
1129 2474 1198 2534 non?
1210 2491 1259 2532 ne·

382 2665 426 2725 At
439 2664 490 2724 ille
498 2583 570 2728 aglidr
583 2665 670 2736 venit,
685 2685 772 2726 annos
787 2677 869 2724 natus
883 2663 1012 2737 sedecim,
1221 2585 1259 2650 ἲς

381 2762 475 2848 Qem
486 2761 577 2822 secum
586 2761 706 2822 adduxit
719 2762 867 2821 Parmeno.
889 2762 943 2820 Ph.
955 2760 1025 2844 Age
1034 2759 1113 2831 dum,
1121 2759 1177 2820 hoe
1190 2758 1260 2818 mihi

381 2861 619 3012 Primumeaxidiaii
629 2949 821 3032 quamhabea,
836 2951 1016 3021 undehabea‚
1030 2949 1148 3010 vastem?
1166 2951 1261 3012 tacet?

381 3043 540 3106 Monstrum
554 3046 693 3106 hominia!
717 3067 772 3106 non
785 3045 930 3106 didimus?
950 3048 1004 3108 Do.
1020 3046 1108 3106 Venit
1120 3047 1258 3108 Chaerea.

382 3143 433 3202 Ph.
445 3144 598 3206 Frateme?
618 3145 672 3204 Do.
686 3145 741 3204 Ita.
772 3145 825 3204 Ph.
839 3145 984 3230 Qandoi
1003 3145 1058 3206 Do.
1071 3143 1178 3205 Hodie.
1201 3145 1256 3203 Ph.

501 3241 599 3326 Qam
613 3241 737 3300 dudum?
757 3241 810 3302 Do.
826 3239 927 3300 Modo.
1220 3258 1258 3320 30

381 3334 587 3419 Pb.Q1icum?
617 3337 670 3396 Do.
681 3337 755 3398 Cum
769 3337 952 3397 Parmenone.
984 3337 1038 3397 Pa.
1052 3335 1178 3396 Norasne
1191 3357 1255 3396 eum

501 3430 598 3508 prius?
967 3434 973 3446 “

380 3522 432 3582 Do.
444 3523 522 3584 Non.
543 3545 593 3584 nec
604 3527 667 3606 qnia
682 3525 756 3596 edet,
767 3545 892 3603 unquam
906 3525 1048 3587 audieram
1057 3528 1153 3587 dicier.

383 3620 432 3678 Ph.
445 3620 531 3679 Unde
544 3619 634 3702 igitur
653 3620 770 3682 fratrem
789 3641 881 3680 meum
902 3621 954 3680 effe
966 3622 1089 3683 sciebat?
1118 3623 1172 3683 Do.
1185 3620 1254 3681 Par·

499 3736 582 3774 meno
1172 3720 1254 3798 [cidi.

382 3807 505 3870 Dicebat
518 3833 583 3871 enm
604 3813 671 3873 effe:
694 3813 717 3874 ia
731 3814 811 3874 dedit
825 3811 894 3874 mihi
908 3813 981 3874 hanc
999 3816 1108 3876 vestem.
1131 3818 1183 3877 Ph.
1195 3818 1254 3878 Oc·

382 3903 433 3962 Do.
443 3904 537 3965 Meam
549 3907 607 3986 ipse
615 3908 725 3968 induite
739 3909 802 3987 post
812 3925 867 3968 una
878 3909 962 3968 ambo
970 3909 1100 3970 abierunt
1107 3908 1192 3971 forae.
1216 3934 1231 3993 3
1237 3933 1257 3993 5

385 3999 432 4074 Py.
442 4001 503 4077 Jam
519 4001 584 4062 satis
601 4003 689 4062 credis
704 4003 825 4064 sobriam
842 4001 892 4063 eiie
906 4025 962 4076 me,
976 4019 1005 4064 et
1019 4004 1089 4066 nihil
1106 4008 1252 4068 mentitam

500 4096 573 4156 tibi?

795 4192 821 4251 L
