3700 5259
602 799 653 862 28⁴
860 785 1232 850 Anttrrrt

603 906 797 968 Caireneram
811 903 1051 975 adrocatuarred,
1065 905 1137 984 quid
1148 904 1209 974 ista,
1223 902 1375 975 Aeschine,
1409 901 1413 906 ’
1452 899 1457 912 ’

601 1001 721 1064 Nostra?
733 1013 781 1060 aut
790 997 860 1080 quid
869 999 951 1060 nobit
966 1004 1031 1060 'cam
1043 993 1118 1059 illia?
1129 1000 1271 1059 abtamur.
1292 984 1427 1076 quidest?

601 1095 683 1182 Qid
693 1094 848 1154 lacrumae?
867 1095 931 1176 Aefi
938 1096 1033 1165 Pater,
1043 1094 1169 1165 obsecro,
1178 1091 1312 1154 ausculta·
1334 1083 1464 1151 Mr‘.Aes⁴

720 1189 814 1261 chine,
829 1190 922 1250 audivi
934 1191 1041 1262 omnia,
1168 1247 1173 1254 ,
1431 1196 1464 1262 45

601 1284 723 1350 Ettrioz
740 1299 804 1344 nam
814 1298 843 1344 te
857 1305 938 1345 amo:
954 1307 1013 1366 quo
1025 1282 1128 1368 magia,
1142 1303 1215 1363 quae
1228 1282 1305 1366 agia,
1318 1283 1400 1342 curae
1412 1279 1466 1340 sunt
1530 1344 1531 1365 χ

700 1411 703 1418 =
722 1378 802 1440 mihi.

600 1475 664 1556 Aeſs
672 1473 809 1534 Itavelim
816 1470 1466 1554 mepramerentemamea,dumrivaa,mipater,

601 1570 646 1632 Ut
656 1589 700 1628 me
712 1568 766 1626 hoc
779 1567 911 1630 delictum
925 1568 1056 1629 admisisse
1066 1569 1096 1628 ia
1109 1587 1164 1638 me,
1177 1566 1209 1625 id
1220 1565 1292 1625 mihi
1303 1566 1467 1624 vehementer

722 1662 810 1734 dolet,
1382 1662 1467 1736 [immi

601 1757 643 1820 Et
657 1777 701 1816 me
711 1757 754 1816 tui
764 1759 861 1836 pudeo
882 1758 942 1818 Mi.
951 1758 1045 1819 Credo
1058 1758 1167 1818 hercler
1183 1777 1247 1816 nam
1256 1757 1403 1841 ingenium
1413 1748 1467 1810 novi

601 1851 750 1916 Liberale:
767 1851 813 1913 sed
826 1875 932 1925 vereor,
943 1877 977 1915 oe
989 1855 1139 1937 indiligens
1150 1853 1267 1912 nimium
1280 1855 1344 1912 fica.
1433 1857 1466 1928 50

603 1949 638 2008 In
653 1969 710 2026 qua
719 1947 833 2008 civitate
843 1947 955 2008 tandem
971 1961 1000 2008 te
1011 1949 1148 2008 arbitrare
1162 1949 1269 2008 viveres

601 2039 750 2124 Virginem
761 2041 872 2112 vitiasti,
886 2063 972 2120 quam
982 2057 1011 2100 te
1017 2027 1064 2121 jur
1079 2065 1135 2102 non
1146 2042 1238 2102 suerat
1247 2057 1378 2124 tangere.

601 2137 666 2214 Jam
684 2137 714 2196 id
727 2151 873 2214 peccatum
894 2136 1016 2215 primum
1036 2150 1188 2218 magnaura
1213 2151 1362 2222 magnum,
1381 2146 1410 2194 at
1421 2131 1467 2190 hu·

722 2250 835 2290 manum
848 2244 960 2288 tamen:

603 2324 706 2384 Fecere
713 2323 761 2384 alii
770 2325 859 2406 saepe,
868 2324 937 2384 item
947 2321 1025 2382 boni.
1046 2334 1077 2380 at
1086 2322 1232 2401 postquam
1241 2318 1271 2384 id
1280 2324 1385 2393 evenit,
1396 2321 1467 2390 ordo,

601 2418 751 2497 Numquid
760 2416 972 2498 circumspexti?
985 2429 1035 2474 aut
1043 2415 1180 2492 numquid
1190 2430 1251 2476 tute
1259 2415 1403 2496 prospexti
1410 2412 1468 2480 nti,

600 2512 683 2597 Qid
690 2513 787 2572 fieret?
798 2535 854 2592 qua
864 2512 960 2572 fieret?
971 2510 1027 2568 fite
1037 2507 1128 2588 ipsum
1137 2509 1206 2569 mihi
1214 2510 1317 2590 puduit
1325 2511 1425 2578 dicere,
1433 2507 1467 2586 56

600 2607 670 2692 Qa
680 2605 867 2670 resciscerem?
881 2609 951 2668 haec
960 2605 1162 2678 dumdubitaa,
1172 2608 1277 2668 menses
1287 2608 1415 2669 abierunt
1423 2606 1465 2662 de·

722 2722 793 2760 cem.

602 2794 752 2856 Prodidisti
765 2801 793 2856 et
806 2809 845 2868 te,
860 2809 888 2856 et
903 2796 980 2858 illam
990 2795 1128 2868 miseram,
1140 2807 1171 2857 et
1180 2810 1312 2880 gnatum,
1326 2789 1465 2876 quodqui·

722 2894 785 2952 dem
797 2893 825 2951 in
836 2907 865 2952 te
878 2893 943 2955 suit·

601 2985 700 3070 Qid?
711 2988 855 3058 credebar,
868 2987 1020 3048 dormienti
1029 2989 1098 3047 haec
1106 2988 1162 3050 tibi
1170 2989 1349 3050 contestatos
1360 2981 1452 3049 Deos?

602 3083 643 3142 Et
651 3082 728 3139 illam
736 3081 791 3140 line
799 3094 940 3160 tuaopera
948 3081 1143 3142 incubiculum
1149 3077 1339 3146 iridedudum
1346 3079 1468 3146 domum!

601 3171 697 3238 Nolim
705 3187 878 3234 caeterarum
891 3197 985 3236 rerum
998 3190 1027 3236 te
1037 3176 1179 3237 socordem
1189 3180 1287 3238 eodem
1300 3183 1395 3241 modo.
1433 3178 1465 3235 dt

601 3270 684 3333 Bono
698 3267 791 3327 animo
805 3288 850 3327 car
875 3269 960 3330 ducet
978 3293 1093 3332 uxorem
1107 3273 1189 3333 hanc.
1224 3274 1286 3356 Aefi
1297 3274 1390 3335 Hem!
1414 3272 1469 3332 Min

724 3361 806 3420 Bono
816 3359 910 3419 animo
924 3385 965 3435 ea,
980 3364 1105 3442 inquam.
1127 3367 1190 3447 Aeſs
1201 3367 1295 3426 Paterr
1342 3422 1345 3426 .

601 3449 742 3516 Obsecro!
774 3473 829 3512 non
842 3453 915 3514 ludit
936 3471 968 3517 tu
982 3481 1057 3519 nunc
1069 3461 1132 3520 me?
1158 3461 1217 3521 Mi.
1228 3460 1296 3543 Ego
1308 3467 1353 3522 te!
1375 3479 1467 3542 quam·

722 3547 838 3608 obrem?
856 3550 919 3633 Aefi
929 3551 1044 3612 Nescior

600 3629 658 3689 Nisr
666 3630 732 3706 quia
739 3642 797 3688 tam
803 3629 899 3692 misere
905 3625 1258 3714 hoceffecupiovemmeo
1267 3656 1365 3695 vereor
1373 3629 1467 3715 magia·

600 3724 659 3784 Mi.
665 3722 736 3874 Abi1
735 3723 859 3875 ἶῗῖηυω,
866 3745 898 3784 ac
905 3725 985 3786 Deos
993 3747 1182 3808 comprecare,
1190 3746 1224 3792 ut
1230 3752 1344 3791 uxorem
1349 3729 1468 3880 arcelsz6⁸=

601 3907 664 3998 Aes?
674 3910 772 3996 Qid?
781 3912 841 3992 jam
851 3913 985 3974 uxorem?
997 3915 1057 3974 Mr‘.
1066 3913 1139 3991 Jam.
1160 3916 1220 3999 Aeſs
1229 3916 1311 3992 Jam?
1323 3918 1383 3978 Mi.
1393 3837 1467 3996 Jami

720 4021 857 4088 quantum
868 4023 961 4088 poteo.
983 4009 1046 4090 Aefi
1055 4009 1099 4070 Di
1112 4031 1167 4083 me,
1180 4026 1273 4091 pater,
1369 4040 1373 4048 ·
