3700 5259
579 827 1079 982 ccciii
1145 943 1148 948 Ι
1216 849 1259 864 ›-

405 1029 465 1152 T
528 1024 579 1150 E
641 1032 699 1153 R
762 1031 823 1176 E
879 1029 939 1148 N
1004 1025 1065 1146 T
1127 1022 1156 1144 1
1218 1021 1252 1143 1

383 1341 385 1346 ,
577 1259 1077 1342 cARTHAci'Niss'Nsis

508 1385 1264 1556 HEcYRif

602 1731 605 1738 .
655 1675 680 1740 Ρ
697 1677 725 1738 R
740 1667 768 1736 0
784 1674 856 1736 LO
872 1675 903 1736 G
918 1676 950 1736 U
964 1673 995 1737 8»
1253 1737 1256 1742 ,

475 1779 621 1850 ECYRA
627 1786 665 1848 est
673 1786 739 1846 huic
750 1805 852 1846 nomen
860 1785 995 1847 Fabulae.
1009 1784 1149 1844 haeccum
1155 1781 1268 1842 dataess

495 1883 586 1952 Nova,
598 1901 700 1940 novum
710 1879 859 1938 intervenit
871 1879 982 1949 vitium,
991 1891 1020 1937 et
1029 1876 1186 1948 calamitas,

387 1977 431 2038 Ut
445 1999 535 2056 neque
549 1974 676 2055 specim,
692 1994 781 2051 neque
791 1971 923 2054 cognosci
940 1964 1075 2050 Potuetit.

389 2073 434 2132 Ita
442 2071 564 2152 populus
575 2068 665 2129 studio
676 2066 801 2147 stupidus
816 2065 845 2124 in
857 2062 1024 2124 funambulo

387 2164 526 2224 Animum
539 2174 701 2241 occuparat.
723 2179 796 2219 nunc
809 2157 878 2219 haec
892 2157 976 2238 plane
987 2156 1027 2216 est
1036 2177 1089 2235 prc
1097 2173 1185 2222 novae
1246 2173 1266 2237 5

388 2261 427 2336 Et
438 2259 473 2330 ie,
484 2259 535 2338 qui
549 2255 656 2335 scripsit
665 2255 750 2326 hanc,
763 2254 801 2312 ob
812 2273 875 2312 eam
887 2272 946 2311 rem
957 2249 1050 2311 noluit

389 2357 496 2414 Iterum
508 2353 625 2421 reserre,
640 2364 671 2409 ut
687 2349 791 2411 iterum
804 2345 887 2426 possit
902 2346 1031 2406 vendere.

389 2451 471 2510 Alias
485 2447 626 2532 cognostis
640 2447 716 2524 ejuse
738 2440 841 2522 quaeso
856 2441 929 2506 hauc
938 2459 1013 2498 nunc
1022 2437 1136 2501 noscite,

504 2704 507 2711 Ι
555 2571 748 2670 ALTER
788 2593 1099 2664 PRoLocuc

391 2729 623 2882 ORATOR
636 2728 673 2786 ad
687 2745 738 2786 voe
751 2724 832 2794 venio
844 2737 947 2784 ornatu
957 2722 1087 2807 prologi:

489 2821 580 2884 Sinite
593 2833 725 2880 exorator
738 2832 771 2878 ut
785 2819 850 2878 sim:
872 2821 971 2878 eodem
980 2821 1082 2900 utjure
1097 2815 1139 2876 uti
1147 2811 1242 2876 senem

389 2917 498 2990 Liceat,
514 2920 641 2998 quojure
650 2913 782 2978 sumusus
797 2912 1015 2972 adolescentior:

388 3012 480 3072 Novas
494 3012 544 3092 qui
555 3011 666 3070 exasias
680 3007 734 3068 feci
749 3021 782 3068 ut
794 3004 1047 3082 inveterascerente-

389 3109 430 3168 Ne
439 3131 503 3170 cum
518 3108 608 3168 Poie‘ta
616 3105 751 3184 scriptura
765 3099 947 3162 evanesceret.
1245 3115 1263 3174 ς

390 3208 423 3276 In
436 3206 491 3276 his,
504 3223 575 3284 quas
588 3200 712 3281 primum
722 3194 840 3258 Caecilii
847 3193 934 3254 didici
944 3213 1040 3271 novae,

389 3301 493 3362 Partim
503 3301 563 3360 sum
574 3319 672 3357 earum
685 3295 815 3354 exessus:
837 3290 942 3370 partim
955 3289 1001 3348 vix
1009 3289 1083 3359 steti,

388 3397 463 3484 Qia
472 3397 592 3455 sciebam
601 3393 717 3452 dubiam
728 3389 870 3449 fortunam
879 3387 931 3446 esse
941 3386 1092 3446 scenicamz

391 3493 445 3572 Spe
457 3492 572 3562 incerta,
582 3502 691 3550 certum
701 3485 771 3546 mihi
785 3483 911 3544 laborem
921 3480 1026 3542 sustuli.

390 3583 505 3646 Easdem
515 3605 600 3668 agere
610 3583 702 3662 coepi,
714 3593 746 3640 ut
755 3579 792 3639 ab
802 3580 900 3646 eodem
914 3577 983 3637 alias
996 3573 1130 3634 discerem
1227 3586 1265 3636 ιο

389 3679 493 3752 Novas,
504 3679 638 3751 studiose3
659 3700 694 3738 ne
706 3676 787 3736 illum
796 3675 833 3734 ab
844 3673 935 3734 studio
942 3670 1119 3732 abducerem.

390 3773 503 3850 Perfeci,
512 3793 544 3838 ut
552 3778 752 3858 speciarentur.
773 3769 823 3830 ubi
833 3768 896 3828 sunt
909 3763 1058 3847 cognitam

391 3869 508 3932 Placitae
521 3873 594 3933 sunt.
615 3871 656 3932 ita
665 3870 786 3930 Po'e'tcm
794 3863 903 3926 restitui
914 3861 943 3920 in
953 3859 1059 3929 locum,

390 3963 477 4044 Prope
483 3969 541 4046 jam
551 3980 691 4027 remotum
705 3960 808 4042 injuria
821 3953 1007 4020 adversarisim

391 4055 441 4116 Ab
453 4059 550 4134 studio,
563 4075 649 4141 atque
663 4057 699 4116 ab
711 4055 820 4123 labore,
834 4065 920 4130 atque
930 4043 1110 4113 mentusca,
1224 4059 1237 4100 1
1243 4059 1262 4122 5

784 4148 811 4212 C
824 4167 841 4208 c
1197 4155 1215 4175 ⁴
