3700 5259
577 832 1132 889 AcTthu.sanA11.
1259 836 1291 889 6¹1

306 979 307 984 κ
414 928 466 1006 Sed
478 941 544 1023 quio
556 941 606 1001 hic
620 942 670 1013 est,
683 942 735 1020 qui
748 942 805 1003 huc
817 942 932 1025 pergit?
952 954 982 1001 at
996 944 1042 1001 at!
1065 942 1113 1002 hio
1127 940 1242 1021 quidem
1255 945 1294 1005 est

531 1040 669 1121 parasitus
683 1038 805 1098 Gnatho

306 1149 307 1152 ’
413 1137 531 1198 Militis:
552 1136 633 1197 ducit
644 1135 736 1194 secum
748 1156 804 1195 una
813 1133 952 1217 virginem
962 1134 1038 1195 dono
1046 1134 1123 1195 huic.
1144 1138 1251 1215 papae!
1280 1164 1283 1172 ·

415 1232 496 1291 Facie
505 1231 630 1290 honesta.
652 1230 764 1300 mirum,
779 1231 808 1289 ni
817 1253 873 1313 ego
882 1252 926 1290 me
935 1230 1058 1311 turpiter
1066 1230 1151 1291 hodie
1164 1232 1210 1292 hic
1219 1230 1295 1293 dubo

413 1329 486 1410 Cum
503 1348 569 1389 meo
581 1325 726 1405 decrepito
740 1326 796 1385 hoc
818 1326 970 1385 Eunucho.
992 1327 1062 1387 haec
1080 1326 1192 1407 superat
1206 1325 1295 1407 ipsum

515 1422 679 1509 Thaidem.
1256 1439 1294 1503 ,ις

514 1580 1193 1660 AeTUS,11.scENA11.

540 1734 543 1741 -
614 1692 817 1760 omnino.
852 1696 1086 1785 nnumnuo

769 1825 940 1863 cunnuo.

417 1893 469 1963 DI
482 1897 672 1960 immortales!
696 1898 805 1958 homini
815 1899 901 1957 homo
912 1896 984 1977 quid
997 1896 1133 1977 praestat!
1157 1893 1241 1955 stulto
1252 1894 1296 1955 in-

533 1997 594 2056 telli
618 2000 682 2055 ene!

416 2020 617 2179 Qidintereii
623 2093 630 2148 !
653 2090 708 2147 hoc
721 2088 792 2145 adeo
805 2108 839 2145 ex
854 2086 908 2145 hac
920 2106 951 2145 re
962 2084 1037 2143 venit
1048 2084 1076 2143 in
1086 2097 1210 2143 mentem
1218 2086 1297 2145 mihi.

303 2261 304 2264 Ἴ
417 2187 541 2249 Conveni
556 2185 640 2245 hodie
656 2182 804 2242 adveniens
819 2183 969 2261 quemdam
983 2180 1038 2239 mei
1052 2180 1108 2239 loci
1121 2181 1197 2252 hine,
1212 2196 1299 2261 atque

537 2279 656 2350 ordinis,
1193 2280 1296 2355 [bona.

303 2389 304 2432 i
419 2376 574 2436 Hominem
585 2376 662 2433 haud
675 2373 829 2453 impurum,
838 2373 1041 2452 itidem‘patria
1053 2372 1102 2451 qui
1113 2374 1300 2455 abligurierat

303 2526 304 2572 ἦ
418 2471 509 2531 Video
519 2470 638 2539 sentum,
653 2467 822 2547 squalidum,
837 2488 967 2551 aegrum,
983 2468 1083 2546 pannis
1098 2468 1232 2546 annisque
1246 2470 1298 2529 ob·

538 2564 630 2622 situm.
677 2562 680 2568 ’
716 2609 718 2612 ,
967 2608 974 2625 ‹
1152 2608 1154 2613 .
1280 2582 1298 2642 ς

302 2619 303 2700 i
418 2658 499 2747 Qid
511 2658 591 2727 istuc,
603 2658 730 2736 inquam,
740 2655 832 2715 ornati
843 2655 901 2715 est?
920 2653 1056 2733 quoniam
1067 2653 1149 2715 miser
1159 2658 1238 2735 quod
1248 2656 1299 2716 ha-

539 2752 601 2821 bui,
614 2752 734 2831 perdidi.
756 2752 831 2821 hem,

302 2849 303 2900 Τ
402 2847 486 2931 ¹Qo
499 2846 631 2903 redadiuo
639 2844 715 2904 sum!
731 2866 828 2905 omnes
838 2845 897 2904 noti
906 2866 962 2915 me,
973 2857 1059 2923 atque
1068 2845 1151 2905 amici
1162 2846 1300 2906 deserunt.

302 2929 303 2988 i
419 2940 480 3003 Hic
490 2960 546 3022 ego
557 2939 638 2999 illum
651 2942 784 2999 contemfi
798 2962 866 3021 prae
876 2962 930 3000 me.
952 2940 1044 3028 Qid,
1058 2941 1156 3011 homo,
1170 2941 1298 3019 inqu'am,

540 3033 729 3116 ignauiffime?

302 3189 303 3196 ,
420 3130 495 3189 ltan'
504 3130 608 3209 parasti
616 3144 656 3200 te,
667 3144 700 3190 ut
711 3130 771 3210 spei
784 3131 861 3192 nulla
873 3131 982 3210 reliqua
991 3130 1019 3189 in
1029 3144 1058 3191 te
1068 3130 1120 3191 fiet
1128 3128 1203 3191 tibi?

418 3229 510 3290 simul
525 3228 671 3287 confilium
685 3249 751 3287 cum
764 3250 794 3289 re
808 3228 921 3287 amisti?
937 3227 1029 3287 uiden*
1041 3246 1086 3291 me
1099 3247 1133 3287 ex
1147 3226 1245 3286 eodem
1255 3244 1302 3286 or·

541 3337 603 3381 tum
614 3322 695 3383 loco?
1267 3340 1303 3379 10

417 3418 480 3503 Qi
488 3417 581 3487 color,
592 3417 678 3487 nitor,
693 3417 816 3486 vestitui,
828 3438 901 3496 quae
911 3414 1051 3475 habitudo
1065 3414 1103 3475 est
1116 3413 1259 3493 corporis!

419 3516 526 3590 Omnia
540 3514 644 3584 habeo,
659 3537 749 3593 neque
764 3515 920 3594 quidquam
938 3514 1039 3573 habeo.
1070 3510 1150 3573 Nihil
1171 3532 1235 3569 cum
1254 3508 1304 3581 est,

542 3610 614 3669 nihil
625 3612 695 3670 defit
706 3628 811 3673 tamen.

419 3703 465 3763 At
479 3727 537 3788 ego
545 3707 654 3778 infelix,
666 3730 756 3787 neque
771 3706 904 3767 ridiculus
913 3706 975 3777 effe,
987 3726 1078 3784 neque
1089 3703 1189 3787 plagas
1203 3704 1265 3783 pati

420 3797 542 3878 Poffumq.
564 3803 662 3887 Qid?
681 3817 714 3861 tu
726 3803 769 3861 his
784 3803 868 3860 rebus
879 3800 968 3859 credis
984 3800 1061 3859 fieri?
1081 3812 1143 3857 tota
1153 3820 1227 3857 erras
1236 3798 1305 3857 via(

421 3894 502 3954 Olim
507 3896 552 3956 isti
563 3896 618 3957 fuit
627 3898 724 3979 generi
731 3900 873 3977 quondam
883 3897 1012 3975 quaestus
1022 3898 1098 3976 apud
1107 3896 1209 3955 seclum
1217 3896 1305 3975 prius,

424 3989 493 4075 Hoc
503 4012 610 4051 novum
619 3994 658 4052 est
667 3993 837 4075 aucupium:
860 4014 915 4077 ego
925 3993 997 4053 adeo
1011 3994 1084 4054 hanc
1097 3994 1205 4075 primus
1214 3993 1306 4054 inveni

545 4088 630 4153 viam.
745 4091 748 4100 '
879 4097 883 4101 ’
1271 4090 1308 4149 16
