3700 5259
610 802 1180 895 Ac'1⁴thll.sc'1².NA1.¹
1301 850 1328 900 17

438 956 494 1020 Ga
512 956 608 1037 Ipsum
620 957 699 1014 hunc
711 952 816 1011 orabor
839 948 906 1029 huie
919 950 1101 1033 supplicabo:
1124 972 1250 1012 amorem
1263 950 1330 1010 huie
1343 982 1349 989 ·

568 1051 691 1111 narrabo
704 1070 806 1108 meum.

278 1187 320 1219 :ut
436 1147 553 1218 Credo,
562 1147 733 1227 impetrabo,
747 1159 780 1205 ut
789 1143 901 1221 aliquot
912 1142 1010 1203 saltem
1024 1144 1131 1224 nuptiis
1145 1140 1249 1225 prodat
1260 1144 1330 1204 dieu.
1453 1190 1455 1197 .

279 1261 282 1280 ¹
305 1235 318 1315 ‚¹
440 1243 562 1303 Interea
582 1245 632 1302 fiet
656 1242 774 1321 aliquid,
799 1241 890 1320 spero.
931 1242 984 1319 By.
1002 1242 1038 1301 Id
1061 1240 1170 1321 aliquid
1191 1242 1260 1302 nihil
1282 1240 1330 1301 est.

292 1381 316 1414 s„
573 1341 622 1399 ch.
635 1336 768 1416 Byrrbia,

438 1430 532 1517 Qid
544 1431 598 1490 tibi
611 1432 738 1490 videtur?
751 1432 851 1489 adeon’
866 1431 902 1488 ad
915 1431 999 1489 eum?
1017 1430 1070 1509 By.
1083 1432 1211 1515 Qidni?
1230 1432 1332 1493 finihil
1442 1446 1444 1453 ’

572 1527 610 1584 im
632 1539 715 1594 etren,
1296 1548 1306 1587 1

441 1623 495 1683 Ut
509 1638 537 1681 te
547 1548 700 1681 arbiiietur
712 1603 765 1679 libi
774 1636 905 1701 paratum
915 1624 1076 1695 moechum,
1087 1624 1105 1682 li
1118 1623 1195 1683 illam
1209 1546 1331 1685 duxeris.

319 1757 322 1768 ·
444 1723 502 1783 Ch.
523 1720 616 1797 Abin?
636 1720 702 1778 hinc
722 1718 752 1778 in
775 1719 879 1779 malam
898 1737 957 1777 rem
979 1740 1044 1777 cum
1062 1718 1215 1799 suspicione
1234 1718 1331 1791 isthac,

573 1814 671 1879 scelua.

447 1912 510 1973 Pa.
518 1910 674 1971 Charinum
686 1908 778 1968 video.
800 1908 882 1968 salve.
913 1911 962 1969 Ch.
973 1908 1002 1969 O
1013 1908 1106 1979 Salve,
1119 1908 1277 1988 Pamphile.

446 2006 507 2067 Ad
518 2018 548 2065 te
566 2005 695 2075 advenio,
710 2004 797 2083 spem,
817 2004 945 2074 salutem,
960 2003 1107 2075 auxilium,
1121 2002 1265 2064 confilium
1286 2026 1334 2065 ex·

574 2110 683 2179 perena.

449 2199 511 2257 Pa.
526 2192 627 2272 Neque
645 2184 694 2273 pol
708 2190 814 2253 consilii
833 2192 928 2254 locum
946 2192 1049 2266 habeo,
1069 2208 1159 2273 neque
1173 2190 1271 2255 auxilii
1285 2216 1334 2255 co·

575 2310 663 2368 pram·
885 2363 888 2369 ¹
1297 2308 1336 2351 20

450 2382 589 2449 Sed'istuc
600 2384 734 2465 quidnam
744 2378 794 2445 'lli
808 2386 856 2447 Ch.
865 2386 963 2446 Hodie
974 2409 1090 2449 uxorem
1102 2390 1199 2451 ducis?
1214 2392 1270 2448 Pa.
1278 2386 1334 2446 Ai-

576 2495 638 2540 unt.
671 2481 719 2541 ch.
730 2480 888 2559 Pamphile,

452 2582 488 2642 Si
507 2581 538 2641 id
553 2579 633 2650 sacia,
649 2576 733 2638 hodie
750 2578 919 2657 postremum
939 2600 984 2639 me
997 2574 1084 2639 videa.
1116 2578 1266 2667 PeaQid
1279 2578 1338 2639 ita?
1362 2621 1363 2630 i

518 2696 527 2715 ·
579 2677 628 2737 ch.
639 2674 699 2733 Hei
712 2674 797 2733 mihi!

453 2764 566 2831 Vereor
578 2770 680 2829 dicere.
695 2769 762 2828 huic
777 2768 834 2840 dic,
855 2770 969 2849 quaeso,
985 2768 1119 2851 Byrrhia.
1143 2770 1196 2848 By.
1210 2768 1278 2851 Ego
1291 2766 1335 2827 di·

569 2886 642 2923 cam.
664 2867 720 2923 Pa.
735 2866 882 2951 Qidest?
1385 2924 1391 2935 x

451 2960 508 3039 By.
524 2958 661 3041 Sponsam
671 2958 719 3017 hic
731 2972 810 3018 tuam
820 2974 905 3021 amat.
928 2964 984 3023 Pa.
1000 2960 1062 3023 Nae
1076 2960 1124 3021 iste
1137 2959 1215 3019 haud
1227 2972 1341 3027 meeum

578 3052 671 3111 sentit.
702 3052 836 3111 Ehodum
847 3054 893 3113 dic
907 3054 988 3127 mihi,

452 3152 534 3211 Num
558 3148 694 3227 quidnam
718 3146 839 3228 amplius
865 3150 920 3209 tibi
943 3170 1008 3211 cum
1030 3148 1079 3209 illa
1105 3148 1171 3220 suit,
1196 3147 1346 3209 Charine?

574 3246 621 3305 Ch.
637 3244 700 3315 Ah,
715 3245 874 3325 Pamphile,
1298 3264 1315 3304 2
1320 3264 1336 3325 5

453 3338 548 3405 Niffil.
575 3340 632 3402 Pa.
645 3341 744 3428 Qam
757 3342 871 3402 vellem!
900 3343 949 3403 ch.
964 3340 1048 3402 Nunc
1061 3354 1090 3401 te
1106 3356 1163 3421 per'
1171 3339 1336 3407 amicitiam,

462 3492 465 3497 .
578 3450 607 3496 et
621 3459 671 3517 per
684 3460 808 3497 amorem
817 3438 947 3511 obsecro,

454 3530 612 3611 Principio,
639 3546 672 3591 ut
695 3554 730 3591 ne
750 3534 847 3592 ducas.
888 3538 945 3594 Pa.
961 3536 1050 3595 Dabo
1066 3533 1197 3615 equidem
1210 3550 1344 3614 operam·

580 3628 628 3687 Ch.
641 3628 698 3686 Sed
708 3628 728 3685 fi
738 3627 769 3686 id
778 3649 834 3686 non
844 3642 942 3708 potes:

452 3723 522 3783 Aut
530 3720 584 3780 tibi
594 3722 708 3801 nuptiae
718 3723 772 3781 hae
782 3722 845 3781 sunt
858 3722 947 3781 cordi.
973 3724 1029 3799 Pa.
1041 3720 1147 3783 Cordi?
1169 3718 1217 3782 Ch.
1229 3718 1337 3779 Saltem

575 3816 685 3896 aliquot
698 3817 757 3877 diei
802 3809 804 3812 ¹
1158 3816 1346 3893 [nuncjante¹

451 3914 565 3983 Profer,
582 3915 649 3972 dum
663 3914 825 3995 proficiscor
844 3913 958 3993 aliqu03
987 3930 1021 3973 ne
1034 3908 1152 3972 videam.
1188 3914 1244 3971 Pcr-
1255 3910 1337 3971 Audi

452 4012 533 4094 Ego,
551 4008 690 4083 Charine,
713 4010 878 4091 neutiquam
900 4010 1026 4069 officium
1048 4006 1130 4069 liberi
1147 4005 1198 4066 elle
1214 4004 1342 4066 hominia¹

575 4118 658 4183 puto,
1224 4106 1228 4122 ¹
1299 4117 1338 4176 30

883 4200 909 4258 C
