<?xml version="1.0" encoding="UTF-8"?>
<!DOCTYPE html PUBLIC "-//W3C//DTD XHTML 1.0 Transitional//EN"
    "http://www.w3.org/TR/xhtml1/DTD/xhtml1-transitional.dtd">
<html xmlns="http://www.w3.org/1999/xhtml" xml:lang="en" lang="en">
 <head>
  <title>
</title>
<meta http-equiv="Content-Type" content="text/html;charset=utf-8" />
  <meta name='ocr-system' content='tesseract 3.04.00' />
  <meta name='ocr-capabilities' content='ocr_page ocr_carea ocr_par ocr_line ocrx_word'/>
</head>
<body>
  <div class='ocr_page' id='page_1' title='image "./publiiterentiia02teregoog_0066.png"; bbox 0 0 3700 5259; ppageno 0'>
   <div class='ocr_carea' id='block_1_1' title="bbox 566 854 1396 1060">
    <p class='ocr_par' dir='ltr' id='par_1_1' title="bbox 566 854 1396 1060">
     <span class='ocr_line' id='line_1_1' title="bbox 566 854 1141 932; baseline -0.024 -13"><span class='ocrx_word' id='word_1_1' title='bbox 566 868 602 932; x_wconf 68' lang='lat' dir='ltr'>u</span> <span class='ocrx_word' id='word_1_2' title='bbox 827 854 1141 909; x_wconf 75' lang='lat' dir='ltr'>annucnua</span> 
     </span>
     <span class='ocr_line' id='line_1_2' title="bbox 568 962 1396 1060; baseline -0.006 -28"><span class='ocrx_word' id='word_1_3' title='bbox 568 972 658 1060; x_wconf 81' lang='lat' dir='ltr'>Qud</span> <span class='ocrx_word' id='word_1_4' title='bbox 666 969 726 1030; x_wconf 88' lang='lat' dir='ltr'>heri</span> <span class='ocrx_word' id='word_1_5' title='bbox 738 962 905 1029; x_wconf 81' lang='lat' dir='ltr'>intromiffua</span> <span class='ocrx_word' id='word_1_6' title='bbox 919 966 1031 1025; x_wconf 86' lang='lat' dir='ltr'>nonest.</span> <span class='ocrx_word' id='word_1_7' title='bbox 1056 967 1108 1031; x_wconf 85' lang='lat' dir='ltr'>Ph.</span> <span class='ocrx_word' id='word_1_8' title='bbox 1119 966 1225 1037; x_wconf 85' lang='lat' dir='ltr'>Totus,</span> <span class='ocrx_word' id='word_1_9' title='bbox 1235 966 1396 1040; x_wconf 68' lang='lat' dir='ltr'>Parmeno,</span> 
     </span>
    </p>
   </div>
   <div class='ocr_carea' id='block_1_2' title="bbox 568 1032 1566 1145">
    <p class='ocr_par' dir='ltr' id='par_1_2' title="bbox 568 1032 1566 1145">
     <span class='ocr_line' id='line_1_3' title="bbox 568 1032 1566 1145; baseline -0.008 -15"><span class='ocrx_word' id='word_1_10' title='bbox 568 1072 687 1140; x_wconf 86' lang='lat' dir='ltr'>Tremo,</span> <span class='ocrx_word' id='word_1_11' title='bbox 708 1070 878 1145; x_wconf 89' lang='lat' dir='ltr'>horreoque,</span> <span class='ocrx_word' id='word_1_12' title='bbox 897 1063 1045 1145; x_wconf 83' lang='lat' dir='ltr'>postquam</span> <span class='ocrx_word' id='word_1_13' title='bbox 1066 1062 1160 1141; x_wconf 80' lang='lat' dir='ltr'>aspexi</span> <span class='ocrx_word' id='word_1_14' title='bbox 1179 1063 1261 1122; x_wconf 89' lang='lat' dir='ltr'>hanc.</span> <span class='ocrx_word' id='word_1_15' title='bbox 1299 1068 1356 1124; x_wconf 87' lang='lat' dir='ltr'>Pa.</span> <span class='ocrx_word' id='word_1_16' title='bbox 1367 1066 1452 1126; x_wconf 84' lang='lat' dir='ltr'>Bono</span> <span class='ocrx_word' id='word_1_17' title='bbox 1561 1032 1566 1059; x_wconf 66' lang='lat' dir='ltr'>r</span> 
     </span>
    </p>
   </div>
   <div class='ocr_carea' id='block_1_3' title="bbox 566 1180 1452 1530">
    <p class='ocr_par' dir='ltr' id='par_1_3' title="bbox 566 1180 1452 1530">
     <span class='ocr_line' id='line_1_4' title="bbox 568 1180 1450 1339; baseline -0.003 -24"><span class='ocrx_word' id='word_1_18' title='bbox 568 1256 684 1315; x_wconf 87' lang='lat' dir='ltr'>Accede</span> <span class='ocrx_word' id='word_1_19' title='bbox 690 1180 843 1339; x_wconf 49' lang='lat' dir='ltr'>brilligndin</span> <span class='ocrx_word' id='word_1_20' title='bbox 855 1255 942 1323; x_wconf 88' lang='lat' dir='ltr'>hunc,</span> <span class='ocrx_word' id='word_1_21' title='bbox 952 1255 1012 1331; x_wconf 85' lang='lat' dir='ltr'>jam</span> <span class='ocrx_word' id='word_1_22' title='bbox 1022 1251 1139 1310; x_wconf 75' lang='lat' dir='ltr'>calesces</span> <span class='ocrx_word' id='word_1_23' title='bbox 1153 1250 1218 1331; x_wconf 83' lang='lat' dir='ltr'>plna</span> <span class='ocrx_word' id='word_1_24' title='bbox 1229 1252 1305 1313; x_wconf 79' lang='lat' dir='ltr'>satis.</span> <span class='ocrx_word' id='word_1_25' title='bbox 1428 1272 1450 1333; x_wconf 84' lang='grc' dir='ltr'><strong><em>ς</em></strong></span> 
     </span>
     <span class='ocr_line' id='line_1_5' title="bbox 570 1348 1452 1438; baseline -0.002 -28"><span class='ocrx_word' id='word_1_26' title='bbox 570 1349 914 1438; x_wconf 71' lang='lat' dir='ltr'>ThQiahicloquitur?</span> <span class='ocrx_word' id='word_1_27' title='bbox 934 1350 1024 1419; x_wconf 82' lang='lat' dir='ltr'>ehem,</span> <span class='ocrx_word' id='word_1_28' title='bbox 1034 1351 1096 1406; x_wconf 91' lang='lat' dir='ltr'>tun&#39;</span> <span class='ocrx_word' id='word_1_29' title='bbox 1107 1348 1282 1420; x_wconf 83' lang='lat' dir='ltr'>hiceraa,rni</span> <span class='ocrx_word' id='word_1_30' title='bbox 1292 1348 1452 1413; x_wconf 80' lang='lat' dir='ltr'>Phaedria?</span> 
     </span>
     <span class='ocr_line' id='line_1_6' title="bbox 566 1444 1450 1530; baseline 0.002 -29"><span class='ocrx_word' id='word_1_31' title='bbox 566 1444 649 1530; x_wconf 79' lang='lat' dir='ltr'>Qid</span> <span class='ocrx_word' id='word_1_32' title='bbox 658 1446 823 1505; x_wconf 82' lang='lat' dir='ltr'>hicstabaa?</span> <span class='ocrx_word' id='word_1_33' title='bbox 842 1466 892 1503; x_wconf 88' lang='lat' dir='ltr'>cur</span> <span class='ocrx_word' id='word_1_34' title='bbox 903 1444 1209 1503; x_wconf 71' lang='lat' dir='ltr'>nonredhaintroibas?</span> <span class='ocrx_word' id='word_1_35' title='bbox 1230 1448 1285 1504; x_wconf 82' lang='lat' dir='ltr'>Pa.</span> <span class='ocrx_word' id='word_1_36' title='bbox 1295 1446 1450 1504; x_wconf 80' lang='lat' dir='ltr'>Caeterum</span> 
     </span>
    </p>
   </div>
   <div class='ocr_carea' id='block_1_4' title="bbox 568 1537 1335 1714">
    <p class='ocr_par' dir='ltr' id='par_1_4' title="bbox 568 1537 1335 1714">
     <span class='ocr_line' id='line_1_7' title="bbox 568 1537 1314 1625; baseline -0.001 -26"><span class='ocrx_word' id='word_1_37' title='bbox 568 1539 616 1599; x_wconf 88' lang='lat' dir='ltr'>De</span> <span class='ocrx_word' id='word_1_38' title='bbox 627 1539 782 1600; x_wconf 84' lang='lat' dir='ltr'>exclufione</span> <span class='ocrx_word' id='word_1_39' title='bbox 795 1540 912 1598; x_wconf 85' lang='lat' dir='ltr'>verbum</span> <span class='ocrx_word' id='word_1_40' title='bbox 928 1538 1044 1597; x_wconf 91' lang='lat' dir='ltr'>nullum.</span> <span class='ocrx_word' id='word_1_41' title='bbox 1071 1537 1122 1597; x_wconf 79' lang='lat' dir='ltr'>Th.</span> <span class='ocrx_word' id='word_1_42' title='bbox 1131 1539 1314 1625; x_wconf 81' lang='lat' dir='ltr'>Qidtacea?</span> 
     </span>
     <span class='ocr_line' id='line_1_8' title="bbox 568 1626 1335 1714; baseline -0.005 -19"><span class='ocrx_word' id='word_1_43' title='bbox 568 1635 622 1695; x_wconf 87' lang='lat' dir='ltr'>Ph.</span> <span class='ocrx_word' id='word_1_44' title='bbox 635 1626 719 1706; x_wconf 70' lang='lat' dir='ltr'>Sitne,</span> <span class='ocrx_word' id='word_1_45' title='bbox 729 1634 796 1714; x_wconf 87' lang='lat' dir='ltr'>qula</span> <span class='ocrx_word' id='word_1_46' title='bbox 803 1657 869 1694; x_wconf 86' lang='lat' dir='ltr'>vero</span> <span class='ocrx_word' id='word_1_47' title='bbox 879 1636 932 1693; x_wconf 87' lang='lat' dir='ltr'>hae</span> <span class='ocrx_word' id='word_1_48' title='bbox 943 1634 1012 1692; x_wconf 90' lang='lat' dir='ltr'>mihi</span> <span class='ocrx_word' id='word_1_49' title='bbox 1023 1647 1122 1713; x_wconf 90' lang='lat' dir='ltr'>patent</span> <span class='ocrx_word' id='word_1_50' title='bbox 1131 1632 1236 1712; x_wconf 83' lang='lat' dir='ltr'>semper</span> <span class='ocrx_word' id='word_1_51' title='bbox 1246 1632 1335 1691; x_wconf 80' lang='lat' dir='ltr'>fores:</span> 
     </span>
    </p>
   </div>
   <div class='ocr_carea' id='block_1_5' title="bbox 567 1724 1460 1807">
    <p class='ocr_par' dir='ltr' id='par_1_5' title="bbox 567 1724 1460 1807">
     <span class='ocr_line' id='line_1_9' title="bbox 567 1724 1460 1807; baseline -0.008 -22"><span class='ocrx_word' id='word_1_52' title='bbox 567 1726 1025 1807; x_wconf 86' lang='lat' dir='ltr'>Autquiasumapudteprimua.</span> <span class='ocrx_word' id='word_1_53' title='bbox 1049 1724 1363 1785; x_wconf 77' lang='lat' dir='ltr'>ThMillaistaecface.</span> <span class='ocrx_word' id='word_1_54' title='bbox 1411 1740 1460 1781; x_wconf 79' lang='lat' dir='ltr'>to.</span> 
     </span>
    </p>
   </div>
   <div class='ocr_carea' id='block_1_6' title="bbox 566 1817 1451 2451">
    <p class='ocr_par' dir='ltr' id='par_1_6' title="bbox 568 1817 1451 1999">
     <span class='ocr_line' id='line_1_10' title="bbox 568 1817 1451 1909; baseline -0.007 -26"><span class='ocrx_word' id='word_1_55' title='bbox 568 1824 622 1883; x_wconf 80' lang='lat' dir='ltr'>Ph.</span> <span class='ocrx_word' id='word_1_56' title='bbox 632 1824 713 1909; x_wconf 81' lang='lat' dir='ltr'>Qrid</span> <span class='ocrx_word' id='word_1_57' title='bbox 721 1817 813 1884; x_wconf 78' lang='lat' dir='ltr'>milla?</span> <span class='ocrx_word' id='word_1_58' title='bbox 823 1848 843 1882; x_wconf 96' lang='lat' dir='ltr'>o</span> <span class='ocrx_word' id='word_1_59' title='bbox 854 1824 957 1893; x_wconf 75' lang='lat' dir='ltr'>Thais,</span> <span class='ocrx_word' id='word_1_60' title='bbox 970 1822 1072 1893; x_wconf 85' lang='lat' dir='ltr'>Thais,</span> <span class='ocrx_word' id='word_1_61' title='bbox 1083 1822 1192 1885; x_wconf 83' lang='lat' dir='ltr'>utinam</span> <span class='ocrx_word' id='word_1_62' title='bbox 1202 1820 1267 1879; x_wconf 84' lang='lat' dir='ltr'>effet</span> <span class='ocrx_word' id='word_1_63' title='bbox 1277 1818 1346 1877; x_wconf 87' lang='lat' dir='ltr'>mihi</span> <span class='ocrx_word' id='word_1_64' title='bbox 1449 1828 1451 1833; x_wconf 82' lang='grc'>’</span> 
     </span>
     <span class='ocr_line' id='line_1_11' title="bbox 568 1916 1230 1999; baseline -0.011 -20"><span class='ocrx_word' id='word_1_65' title='bbox 568 1920 637 1979; x_wconf 82' lang='lat' dir='ltr'>Para</span> <span class='ocrx_word' id='word_1_66' title='bbox 650 1943 740 1999; x_wconf 89' lang='lat' dir='ltr'>aequa</span> <span class='ocrx_word' id='word_1_67' title='bbox 751 1920 853 1980; x_wconf 87' lang='lat' dir='ltr'>amoria</span> <span class='ocrx_word' id='word_1_68' title='bbox 863 1935 968 1987; x_wconf 89' lang='lat' dir='ltr'>tecum,</span> <span class='ocrx_word' id='word_1_69' title='bbox 980 1934 1013 1976; x_wconf 80' lang='lat' dir='ltr'>ac</span> <span class='ocrx_word' id='word_1_70' title='bbox 1022 1916 1127 1995; x_wconf 88' lang='lat' dir='ltr'>pariter</span> <span class='ocrx_word' id='word_1_71' title='bbox 1140 1916 1230 1983; x_wconf 84' lang='lat' dir='ltr'>fieret,</span> 
     </span>
    </p>

    <p class='ocr_par' dir='ltr' id='par_1_7' title="bbox 569 2006 1260 2079">
     <span class='ocr_line' id='line_1_12' title="bbox 569 2006 1260 2079; baseline -0.013 -6"><span class='ocrx_word' id='word_1_72' title='bbox 569 2015 614 2073; x_wconf 89' lang='lat' dir='ltr'>Ut</span> <span class='ocrx_word' id='word_1_73' title='bbox 624 2027 673 2072; x_wconf 91' lang='lat' dir='ltr'>aut</span> <span class='ocrx_word' id='word_1_74' title='bbox 684 2015 738 2072; x_wconf 88' lang='lat' dir='ltr'>hoc</span> <span class='ocrx_word' id='word_1_75' title='bbox 747 2012 802 2072; x_wconf 91' lang='lat' dir='ltr'>tibi</span> <span class='ocrx_word' id='word_1_76' title='bbox 810 2012 919 2071; x_wconf 80' lang='lat' dir='ltr'>doleret</span> <span class='ocrx_word' id='word_1_77' title='bbox 928 2011 1037 2079; x_wconf 90' lang='lat' dir='ltr'>itidem,</span> <span class='ocrx_word' id='word_1_78' title='bbox 1049 2022 1081 2068; x_wconf 93' lang='lat' dir='ltr'>ut</span> <span class='ocrx_word' id='word_1_79' title='bbox 1092 2006 1260 2067; x_wconf 81' lang='lat' dir='ltr'>mihidoletr</span> 
     </span>
    </p>

    <p class='ocr_par' dir='ltr' id='par_1_8' title="bbox 566 2104 1250 2191">
     <span class='ocr_line' id='line_1_13' title="bbox 566 2104 1250 2191; baseline -0.01 -23"><span class='ocrx_word' id='word_1_80' title='bbox 566 2107 634 2168; x_wconf 78' lang='lat' dir='ltr'>Aut</span> <span class='ocrx_word' id='word_1_81' title='bbox 642 2130 698 2191; x_wconf 83' lang='lat' dir='ltr'>ego</span> <span class='ocrx_word' id='word_1_82' title='bbox 706 2108 775 2169; x_wconf 85' lang='lat' dir='ltr'>istuc</span> <span class='ocrx_word' id='word_1_83' title='bbox 785 2109 836 2168; x_wconf 84' lang='lat' dir='ltr'>aba</span> <span class='ocrx_word' id='word_1_84' title='bbox 846 2122 875 2166; x_wconf 93' lang='lat' dir='ltr'>te</span> <span class='ocrx_word' id='word_1_85' title='bbox 886 2108 992 2166; x_wconf 68' lang='lat' dir='ltr'>facium</span> <span class='ocrx_word' id='word_1_86' title='bbox 1003 2104 1084 2165; x_wconf 89' lang='lat' dir='ltr'>nihili</span> <span class='ocrx_word' id='word_1_87' title='bbox 1092 2104 1250 2185; x_wconf 88' lang='lat' dir='ltr'>penderem.</span> 
     </span>
    </p>

    <p class='ocr_par' dir='ltr' id='par_1_9' title="bbox 567 2197 1445 2451">
     <span class='ocr_line' id='line_1_14' title="bbox 569 2197 1445 2279; baseline -0.007 -18"><span class='ocrx_word' id='word_1_88' title='bbox 569 2199 622 2262; x_wconf 72' lang='lat' dir='ltr'>Th.</span> <span class='ocrx_word' id='word_1_89' title='bbox 632 2200 677 2260; x_wconf 88' lang='lat' dir='ltr'>Ne</span> <span class='ocrx_word' id='word_1_90' title='bbox 687 2201 780 2260; x_wconf 83' lang='lat' dir='ltr'>crucia</span> <span class='ocrx_word' id='word_1_91' title='bbox 786 2215 828 2271; x_wconf 94' lang='lat' dir='ltr'>te,</span> <span class='ocrx_word' id='word_1_92' title='bbox 836 2200 961 2269; x_wconf 85' lang='lat' dir='ltr'>obsecro,</span> <span class='ocrx_word' id='word_1_93' title='bbox 975 2198 1066 2258; x_wconf 88' lang='lat' dir='ltr'>anime</span> <span class='ocrx_word' id='word_1_94' title='bbox 1074 2200 1124 2269; x_wconf 87' lang='lat' dir='ltr'>mi,</span> <span class='ocrx_word' id='word_1_95' title='bbox 1133 2198 1173 2257; x_wconf 88' lang='lat' dir='ltr'>mi</span> <span class='ocrx_word' id='word_1_96' title='bbox 1184 2197 1331 2257; x_wconf 79' lang='lat' dir='ltr'>Phaedria.</span> <span class='ocrx_word' id='word_1_97' title='bbox 1410 2214 1445 2279; x_wconf 84' lang='lat'>15</span> 
     </span>
     <span class='ocr_line' id='line_1_15' title="bbox 567 2292 1417 2377; baseline -0.005 -22"><span class='ocrx_word' id='word_1_98' title='bbox 567 2294 635 2355; x_wconf 88' lang='lat' dir='ltr'>Non</span> <span class='ocrx_word' id='word_1_99' title='bbox 643 2294 703 2373; x_wconf 92' lang='lat' dir='ltr'>pol,</span> <span class='ocrx_word' id='word_1_100' title='bbox 715 2317 774 2374; x_wconf 91' lang='lat' dir='ltr'>quo</span> <span class='ocrx_word' id='word_1_101' title='bbox 784 2315 956 2375; x_wconf 81' lang='lat' dir='ltr'>quemquam</span> <span class='ocrx_word' id='word_1_102' title='bbox 964 2294 1028 2373; x_wconf 84' lang='lat' dir='ltr'>plua</span> <span class='ocrx_word' id='word_1_103' title='bbox 1038 2316 1140 2365; x_wconf 86' lang='lat' dir='ltr'>amern,</span> <span class='ocrx_word' id='word_1_104' title='bbox 1152 2308 1202 2355; x_wconf 87' lang='lat' dir='ltr'>aut</span> <span class='ocrx_word' id='word_1_105' title='bbox 1211 2294 1275 2375; x_wconf 80' lang='lat' dir='ltr'>plue</span> <span class='ocrx_word' id='word_1_106' title='bbox 1286 2292 1417 2377; x_wconf 82' lang='lat' dir='ltr'>diligam,</span> 
     </span>
     <span class='ocr_line' id='line_1_16' title="bbox 568 2389 1212 2451; baseline 0 -2"><span class='ocrx_word' id='word_1_107' title='bbox 568 2390 615 2449; x_wconf 86' lang='lat' dir='ltr'>Eo</span> <span class='ocrx_word' id='word_1_108' title='bbox 628 2390 699 2450; x_wconf 86' lang='lat' dir='ltr'>feci:</span> <span class='ocrx_word' id='word_1_109' title='bbox 715 2389 762 2451; x_wconf 88' lang='lat' dir='ltr'>led</span> <span class='ocrx_word' id='word_1_110' title='bbox 771 2391 812 2450; x_wconf 88' lang='lat' dir='ltr'>ita</span> <span class='ocrx_word' id='word_1_111' title='bbox 821 2405 881 2450; x_wconf 89' lang='lat' dir='ltr'>erat</span> <span class='ocrx_word' id='word_1_112' title='bbox 891 2412 935 2450; x_wconf 85' lang='lat' dir='ltr'>rea</span> <span class='ocrx_word' id='word_1_113' title='bbox 948 2410 956 2447; x_wconf 77' lang='lat' dir='ltr'>a</span> <span class='ocrx_word' id='word_1_114' title='bbox 971 2390 1133 2451; x_wconf 80' lang='lat' dir='ltr'>faciundum</span> <span class='ocrx_word' id='word_1_115' title='bbox 1147 2391 1212 2451; x_wconf 87' lang='lat' dir='ltr'>fuit.</span> 
     </span>
    </p>
   </div>
   <div class='ocr_carea' id='block_1_7' title="bbox 567 2445 1567 2565">
    <p class='ocr_par' dir='ltr' id='par_1_10' title="bbox 567 2445 1567 2565">
     <span class='ocr_line' id='line_1_17' title="bbox 567 2445 1567 2565; baseline 0 -20"><span class='ocrx_word' id='word_1_116' title='bbox 567 2487 625 2545; x_wconf 87' lang='lat' dir='ltr'>Pa.</span> <span class='ocrx_word' id='word_1_117' title='bbox 635 2485 739 2555; x_wconf 86' lang='lat' dir='ltr'>Credo,</span> <span class='ocrx_word' id='word_1_118' title='bbox 753 2499 787 2546; x_wconf 89' lang='lat' dir='ltr'>nt</span> <span class='ocrx_word' id='word_1_119' title='bbox 796 2487 841 2556; x_wconf 80' lang='lat' dir='ltr'>fit,</span> <span class='ocrx_word' id='word_1_120' title='bbox 854 2485 953 2545; x_wconf 83' lang='lat' dir='ltr'>misera</span> <span class='ocrx_word' id='word_1_121' title='bbox 963 2506 1030 2565; x_wconf 91' lang='lat' dir='ltr'>prae</span> <span class='ocrx_word' id='word_1_122' title='bbox 1041 2508 1136 2546; x_wconf 88' lang='lat' dir='ltr'>amore</span> <span class='ocrx_word' id='word_1_123' title='bbox 1146 2486 1260 2547; x_wconf 80' lang='lat' dir='ltr'>exclusti</span> <span class='ocrx_word' id='word_1_124' title='bbox 1273 2486 1348 2545; x_wconf 88' lang='lat' dir='ltr'>huuc</span> <span class='ocrx_word' id='word_1_125' title='bbox 1358 2484 1446 2545; x_wconf 77' lang='lat' dir='ltr'>sorar.</span> <span class='ocrx_word' id='word_1_126' title='bbox 1555 2445 1567 2530; x_wconf 64' lang='grc' dir='ltr'> </span> 
     </span>
    </p>
   </div>
   <div class='ocr_carea' id='block_1_8' title="bbox 565 2578 1451 3798">
    <p class='ocr_par' dir='ltr' id='par_1_11' title="bbox 567 2578 1359 2663">
     <span class='ocr_line' id='line_1_18' title="bbox 567 2578 1359 2663; baseline -0.001 -25"><span class='ocrx_word' id='word_1_127' title='bbox 567 2578 622 2638; x_wconf 77' lang='lat' dir='ltr'>Th.</span> <span class='ocrx_word' id='word_1_128' title='bbox 634 2578 744 2639; x_wconf 87' lang='lat' dir='ltr'>Siccine</span> <span class='ocrx_word' id='word_1_129' title='bbox 752 2581 804 2650; x_wconf 83' lang='lat' dir='ltr'>ais,</span> <span class='ocrx_word' id='word_1_130' title='bbox 820 2580 975 2639; x_wconf 81' lang='lat' dir='ltr'>Parmeno?</span> <span class='ocrx_word' id='word_1_131' title='bbox 995 2584 1062 2663; x_wconf 80' lang='lat' dir='ltr'>age!</span> <span class='ocrx_word' id='word_1_132' title='bbox 1079 2581 1126 2640; x_wconf 85' lang='lat' dir='ltr'>scd</span> <span class='ocrx_word' id='word_1_133' title='bbox 1136 2582 1256 2659; x_wconf 90' lang='lat' dir='ltr'>hucqua</span> <span class='ocrx_word' id='word_1_134' title='bbox 1265 2578 1359 2662; x_wconf 86' lang='lat' dir='ltr'>gratia</span> 
     </span>
    </p>

    <p class='ocr_par' dir='ltr' id='par_1_12' title="bbox 566 2672 1451 3044">
     <span class='ocr_line' id='line_1_19' title="bbox 567 2672 1451 2755; baseline 0.005 -22"><span class='ocrx_word' id='word_1_135' title='bbox 567 2672 613 2734; x_wconf 89' lang='lat' dir='ltr'>Te</span> <span class='ocrx_word' id='word_1_136' title='bbox 624 2676 793 2755; x_wconf 86' lang='lat' dir='ltr'>arcellijuffi,</span> <span class='ocrx_word' id='word_1_137' title='bbox 803 2675 937 2735; x_wconf 84' lang='lat' dir='ltr'>ausculta.</span> <span class='ocrx_word' id='word_1_138' title='bbox 960 2676 1013 2735; x_wconf 84' lang='lat' dir='ltr'>Pb.</span> <span class='ocrx_word' id='word_1_139' title='bbox 1026 2675 1100 2735; x_wconf 84' lang='lat' dir='ltr'>Fiat.</span> <span class='ocrx_word' id='word_1_140' title='bbox 1124 2675 1176 2734; x_wconf 79' lang='lat' dir='ltr'>Th.</span> <span class='ocrx_word' id='word_1_141' title='bbox 1187 2674 1326 2735; x_wconf 79' lang='lat' dir='ltr'>Dic-mihi</span> <span class='ocrx_word' id='word_1_142' title='bbox 1408 2692 1451 2737; x_wconf 76' lang='lat' dir='ltr'>ao</span> 
     </span>
     <span class='ocr_line' id='line_1_20' title="bbox 567 2768 1446 2851; baseline 0 -22"><span class='ocrx_word' id='word_1_143' title='bbox 567 2768 637 2829; x_wconf 89' lang='lat' dir='ltr'>Hoc</span> <span class='ocrx_word' id='word_1_144' title='bbox 647 2770 780 2848; x_wconf 88' lang='lat' dir='ltr'>primum,</span> <span class='ocrx_word' id='word_1_145' title='bbox 790 2770 927 2851; x_wconf 79' lang='lat' dir='ltr'>potin’est</span> <span class='ocrx_word' id='word_1_146' title='bbox 935 2770 981 2829; x_wconf 86' lang='lat' dir='ltr'>hic</span> <span class='ocrx_word' id='word_1_147' title='bbox 989 2772 1099 2829; x_wconf 79' lang='lat' dir='ltr'>tacerel</span> <span class='ocrx_word' id='word_1_148' title='bbox 1119 2773 1174 2831; x_wconf 90' lang='lat' dir='ltr'>Pa.</span> <span class='ocrx_word' id='word_1_149' title='bbox 1185 2770 1305 2851; x_wconf 83' lang='lat' dir='ltr'>Egone?</span> <span class='ocrx_word' id='word_1_150' title='bbox 1318 2784 1446 2850; x_wconf 86' lang='lat' dir='ltr'>optume.</span> 
     </span>
     <span class='ocr_line' id='line_1_21' title="bbox 566 2864 1380 2948; baseline 0.004 -26"><span class='ocrx_word' id='word_1_151' title='bbox 566 2864 674 2924; x_wconf 88' lang='lat' dir='ltr'>Verum</span> <span class='ocrx_word' id='word_1_152' title='bbox 685 2866 754 2925; x_wconf 88' lang='lat' dir='ltr'>hena</span> <span class='ocrx_word' id='word_1_153' title='bbox 767 2880 811 2937; x_wconf 93' lang='lat' dir='ltr'>tu,</span> <span class='ocrx_word' id='word_1_154' title='bbox 822 2865 876 2924; x_wconf 91' lang='lat' dir='ltr'>hac</span> <span class='ocrx_word' id='word_1_155' title='bbox 886 2864 950 2946; x_wconf 84' lang='lat' dir='ltr'>lege</span> <span class='ocrx_word' id='word_1_156' title='bbox 961 2864 1014 2925; x_wconf 87' lang='lat' dir='ltr'>tibi</span> <span class='ocrx_word' id='word_1_157' title='bbox 1025 2886 1116 2923; x_wconf 85' lang='lat' dir='ltr'>meam</span> <span class='ocrx_word' id='word_1_158' title='bbox 1127 2864 1269 2948; x_wconf 78' lang='lat' dir='ltr'>adstringo</span> <span class='ocrx_word' id='word_1_159' title='bbox 1278 2866 1380 2925; x_wconf 81' lang='lat' dir='ltr'>fidemr</span> 
     </span>
     <span class='ocr_line' id='line_1_22' title="bbox 566 2959 1275 3044; baseline 0.003 -27"><span class='ocrx_word' id='word_1_160' title='bbox 566 2960 651 3044; x_wconf 80' lang='lat' dir='ltr'>Qae</span> <span class='ocrx_word' id='word_1_161' title='bbox 662 2981 728 3020; x_wconf 84' lang='lat' dir='ltr'>vera</span> <span class='ocrx_word' id='word_1_162' title='bbox 738 2959 842 3031; x_wconf 83' lang='lat' dir='ltr'>audiri,</span> <span class='ocrx_word' id='word_1_163' title='bbox 856 2972 948 3029; x_wconf 81' lang='lat' dir='ltr'>taceo,</span> <span class='ocrx_word' id='word_1_164' title='bbox 962 2973 991 3017; x_wconf 88' lang='lat' dir='ltr'>et</span> <span class='ocrx_word' id='word_1_165' title='bbox 1001 2960 1132 3021; x_wconf 86' lang='lat' dir='ltr'>contineo</span> <span class='ocrx_word' id='word_1_166' title='bbox 1143 2975 1258 3041; x_wconf 88' lang='lat' dir='ltr'>optume</span> <span class='ocrx_word' id='word_1_167' title='bbox 1265 2984 1275 3031; x_wconf 65' lang='grc' dir='ltr'><strong>ς</strong></span> 
     </span>
    </p>

    <p class='ocr_par' dir='ltr' id='par_1_13' title="bbox 566 3051 1445 3311">
     <span class='ocr_line' id='line_1_23' title="bbox 567 3051 1445 3135; baseline 0.006 -24"><span class='ocrx_word' id='word_1_168' title='bbox 567 3051 619 3111; x_wconf 81' lang='lat' dir='ltr'>sin</span> <span class='ocrx_word' id='word_1_169' title='bbox 628 3052 738 3126; x_wconf 81' lang='lat' dir='ltr'>falsum,</span> <span class='ocrx_word' id='word_1_170' title='bbox 748 3070 798 3116; x_wconf 86' lang='lat' dir='ltr'>aut</span> <span class='ocrx_word' id='word_1_171' title='bbox 805 3077 917 3125; x_wconf 69' lang='lat' dir='ltr'>nuum,</span> <span class='ocrx_word' id='word_1_172' title='bbox 927 3066 977 3115; x_wconf 93' lang='lat' dir='ltr'>aut</span> <span class='ocrx_word' id='word_1_173' title='bbox 984 3055 1082 3115; x_wconf 64' lang='lat' dir='ltr'>fidum</span> <span class='ocrx_word' id='word_1_174' title='bbox 1091 3055 1139 3126; x_wconf 89' lang='lat' dir='ltr'>est,</span> <span class='ocrx_word' id='word_1_175' title='bbox 1150 3055 1285 3115; x_wconf 87' lang='lat' dir='ltr'>continuo</span> <span class='ocrx_word' id='word_1_176' title='bbox 1293 3056 1388 3135; x_wconf 88' lang='lat' dir='ltr'>palam</span> <span class='ocrx_word' id='word_1_177' title='bbox 1396 3056 1445 3116; x_wconf 86' lang='lat' dir='ltr'>est.</span> 
     </span>
     <span class='ocr_line' id='line_1_24' title="bbox 566 3146 1444 3232; baseline 0.009 -27"><span class='ocrx_word' id='word_1_178' title='bbox 566 3146 671 3207; x_wconf 78' lang='lat' dir='ltr'>Plenus</span> <span class='ocrx_word' id='word_1_179' title='bbox 681 3150 815 3211; x_wconf 87' lang='lat' dir='ltr'>rimarum</span> <span class='ocrx_word' id='word_1_180' title='bbox 828 3152 898 3221; x_wconf 83' lang='lat' dir='ltr'>sum,</span> <span class='ocrx_word' id='word_1_181' title='bbox 909 3150 963 3211; x_wconf 89' lang='lat' dir='ltr'>hac</span> <span class='ocrx_word' id='word_1_182' title='bbox 974 3164 1060 3229; x_wconf 88' lang='lat' dir='ltr'>atque</span> <span class='ocrx_word' id='word_1_183' title='bbox 1068 3150 1133 3211; x_wconf 87' lang='lat' dir='ltr'>illac</span> <span class='ocrx_word' id='word_1_184' title='bbox 1144 3153 1263 3232; x_wconf 84' lang='lat' dir='ltr'>perfluo.</span> <span class='ocrx_word' id='word_1_185' title='bbox 1407 3170 1444 3231; x_wconf 81' lang='lat'>25</span> 
     </span>
     <span class='ocr_line' id='line_1_25' title="bbox 567 3237 1322 3311; baseline 0.017 -17"><span class='ocrx_word' id='word_1_186' title='bbox 567 3237 653 3296; x_wconf 89' lang='lat' dir='ltr'>Proin</span> <span class='ocrx_word' id='word_1_187' title='bbox 664 3252 707 3311; x_wconf 89' lang='lat' dir='ltr'>tu,</span> <span class='ocrx_word' id='word_1_188' title='bbox 716 3243 803 3301; x_wconf 89' lang='lat' dir='ltr'>taceri</span> <span class='ocrx_word' id='word_1_189' title='bbox 813 3244 833 3301; x_wconf 86' lang='lat' dir='ltr'>fi</span> <span class='ocrx_word' id='word_1_190' title='bbox 847 3243 899 3311; x_wconf 78' lang='lat' dir='ltr'>vis,</span> <span class='ocrx_word' id='word_1_191' title='bbox 909 3264 974 3305; x_wconf 82' lang='lat' dir='ltr'>nera</span> <span class='ocrx_word' id='word_1_192' title='bbox 981 3243 1079 3303; x_wconf 89' lang='lat' dir='ltr'>dicito.</span> <span class='ocrx_word' id='word_1_193' title='bbox 1319 3252 1322 3263; x_wconf 84' lang='lat'><em>&#39;</em></span> 
     </span>
    </p>

    <p class='ocr_par' dir='ltr' id='par_1_14' title="bbox 569 3333 1314 3401">
     <span class='ocr_line' id='line_1_26' title="bbox 569 3333 1314 3401; baseline 0.008 -7"><span class='ocrx_word' id='word_1_194' title='bbox 569 3333 621 3394; x_wconf 81' lang='lat' dir='ltr'>Tb.</span> <span class='ocrx_word' id='word_1_195' title='bbox 630 3336 724 3395; x_wconf 87' lang='lat' dir='ltr'>Samia</span> <span class='ocrx_word' id='word_1_196' title='bbox 734 3338 803 3397; x_wconf 88' lang='lat' dir='ltr'>mihi</span> <span class='ocrx_word' id='word_1_197' title='bbox 814 3353 904 3397; x_wconf 87' lang='lat' dir='ltr'>mater</span> <span class='ocrx_word' id='word_1_198' title='bbox 913 3338 986 3397; x_wconf 84' lang='lat' dir='ltr'>fuit:</span> <span class='ocrx_word' id='word_1_199' title='bbox 1002 3360 1034 3397; x_wconf 88' lang='lat' dir='ltr'>ea</span> <span class='ocrx_word' id='word_1_200' title='bbox 1048 3339 1197 3399; x_wconf 84' lang='lat' dir='ltr'>habitabat</span> <span class='ocrx_word' id='word_1_201' title='bbox 1209 3340 1314 3401; x_wconf 89' lang='lat' dir='ltr'>Rhodi.</span> 
     </span>
    </p>

    <p class='ocr_par' dir='ltr' id='par_1_15' title="bbox 566 3430 1425 3607">
     <span class='ocr_line' id='line_1_27' title="bbox 566 3430 1425 3514; baseline 0.007 -26"><span class='ocrx_word' id='word_1_202' title='bbox 566 3432 623 3488; x_wconf 87' lang='lat' dir='ltr'>Pa.</span> <span class='ocrx_word' id='word_1_203' title='bbox 635 3430 730 3490; x_wconf 89' lang='lat' dir='ltr'>Potest</span> <span class='ocrx_word' id='word_1_204' title='bbox 738 3433 825 3492; x_wconf 89' lang='lat' dir='ltr'>taceri</span> <span class='ocrx_word' id='word_1_205' title='bbox 833 3435 899 3493; x_wconf 87' lang='lat' dir='ltr'>hoc.</span> <span class='ocrx_word' id='word_1_206' title='bbox 922 3431 973 3493; x_wconf 81' lang='lat' dir='ltr'>Th.</span> <span class='ocrx_word' id='word_1_207' title='bbox 987 3434 1032 3493; x_wconf 93' lang='lat' dir='ltr'>Ibi</span> <span class='ocrx_word' id='word_1_208' title='bbox 1042 3450 1104 3493; x_wconf 88' lang='lat' dir='ltr'>tum</span> <span class='ocrx_word' id='word_1_209' title='bbox 1115 3436 1198 3493; x_wconf 86' lang='lat' dir='ltr'>matri</span> <span class='ocrx_word' id='word_1_210' title='bbox 1208 3434 1355 3514; x_wconf 87' lang='lat' dir='ltr'>parvolam</span> <span class='ocrx_word' id='word_1_211' title='bbox 1424 3448 1425 3457; x_wconf 59' lang='lat'>¹</span> 
     </span>
     <span class='ocr_line' id='line_1_28' title="bbox 566 3524 1161 3607; baseline 0.003 -22"><span class='ocrx_word' id='word_1_212' title='bbox 566 3524 693 3586; x_wconf 88' lang='lat' dir='ltr'>Puellam</span> <span class='ocrx_word' id='word_1_213' title='bbox 707 3529 783 3587; x_wconf 93' lang='lat' dir='ltr'>dono</span> <span class='ocrx_word' id='word_1_214' title='bbox 794 3528 910 3607; x_wconf 82' lang='lat' dir='ltr'>quidam</span> <span class='ocrx_word' id='word_1_215' title='bbox 919 3540 1059 3587; x_wconf 88' lang='lat' dir='ltr'>mercator</span> <span class='ocrx_word' id='word_1_216' title='bbox 1072 3528 1161 3599; x_wconf 90' lang='lat' dir='ltr'>dedit,</span> 
     </span>
    </p>

    <p class='ocr_par' dir='ltr' id='par_1_16' title="bbox 565 3618 1441 3798">
     <span class='ocr_line' id='line_1_29' title="bbox 566 3618 1441 3701; baseline 0.014 -27"><span class='ocrx_word' id='word_1_217' title='bbox 566 3618 612 3675; x_wconf 87' lang='lat' dir='ltr'>Ex</span> <span class='ocrx_word' id='word_1_218' title='bbox 623 3619 726 3679; x_wconf 90' lang='lat' dir='ltr'>Attica</span> <span class='ocrx_word' id='word_1_219' title='bbox 734 3623 800 3681; x_wconf 92' lang='lat' dir='ltr'>hinc</span> <span class='ocrx_word' id='word_1_220' title='bbox 809 3623 966 3701; x_wconf 89' lang='lat' dir='ltr'>abreptam.</span> <span class='ocrx_word' id='word_1_221' title='bbox 990 3624 1042 3681; x_wconf 83' lang='lat' dir='ltr'>Ph.</span> <span class='ocrx_word' id='word_1_222' title='bbox 1053 3623 1203 3684; x_wconf 85' lang='lat' dir='ltr'>Civemne?</span> <span class='ocrx_word' id='word_1_223' title='bbox 1225 3623 1277 3685; x_wconf 75' lang='lat' dir='ltr'>Th.</span> <span class='ocrx_word' id='word_1_224' title='bbox 1287 3624 1441 3687; x_wconf 85' lang='lat' dir='ltr'>Arbitror:</span> 
     </span>
     <span class='ocr_line' id='line_1_30' title="bbox 565 3710 1441 3798; baseline 0.014 -32"><span class='ocrx_word' id='word_1_225' title='bbox 565 3710 682 3770; x_wconf 88' lang='lat' dir='ltr'>Certum</span> <span class='ocrx_word' id='word_1_226' title='bbox 695 3736 749 3771; x_wconf 90' lang='lat' dir='ltr'>non</span> <span class='ocrx_word' id='word_1_227' title='bbox 764 3715 879 3774; x_wconf 81' lang='lat' dir='ltr'>scimur:</span> <span class='ocrx_word' id='word_1_228' title='bbox 895 3714 998 3773; x_wconf 73' lang='lat' dir='ltr'>matria</span> <span class='ocrx_word' id='word_1_229' title='bbox 1005 3736 1104 3775; x_wconf 90' lang='lat' dir='ltr'>nomen</span> <span class='ocrx_word' id='word_1_230' title='bbox 1115 3730 1145 3775; x_wconf 88' lang='lat' dir='ltr'>et</span> <span class='ocrx_word' id='word_1_231' title='bbox 1155 3714 1244 3797; x_wconf 86' lang='lat' dir='ltr'>patria</span> <span class='ocrx_word' id='word_1_232' title='bbox 1406 3738 1441 3798; x_wconf 83' lang='lat'>31</span> 
     </span>
    </p>
   </div>
   <div class='ocr_carea' id='block_1_9' title="bbox 566 3803 1162 3893">
    <p class='ocr_par' dir='ltr' id='par_1_17' title="bbox 566 3803 1162 3893">
     <span class='ocr_line' id='line_1_31' title="bbox 566 3803 1162 3893; baseline 0.022 -33"><span class='ocrx_word' id='word_1_233' title='bbox 566 3803 691 3865; x_wconf 87' lang='lat' dir='ltr'>Dicebat</span> <span class='ocrx_word' id='word_1_234' title='bbox 702 3808 777 3887; x_wconf 85' lang='lat' dir='ltr'>ipsa:</span> <span class='ocrx_word' id='word_1_235' title='bbox 793 3813 916 3889; x_wconf 84' lang='lat' dir='ltr'>patriam</span> <span class='ocrx_word' id='word_1_236' title='bbox 927 3826 955 3869; x_wconf 88' lang='lat' dir='ltr'>et</span> <span class='ocrx_word' id='word_1_237' title='bbox 964 3813 981 3869; x_wconf 85' lang='lat' dir='ltr'>fi</span> <span class='ocrx_word' id='word_1_238' title='bbox 984 3834 1041 3893; x_wconf 87' lang='lat' dir='ltr'>gna</span> <span class='ocrx_word' id='word_1_239' title='bbox 1052 3827 1162 3873; x_wconf 87' lang='lat' dir='ltr'>caetera</span> 
     </span>
    </p>
   </div>
   <div class='ocr_carea' id='block_1_10' title="bbox 564 3898 1440 4180">
    <p class='ocr_par' dir='ltr' id='par_1_18' title="bbox 564 3898 1440 4180">
     <span class='ocr_line' id='line_1_32' title="bbox 565 3898 1336 3988; baseline 0.018 -31"><span class='ocrx_word' id='word_1_240' title='bbox 565 3898 666 3977; x_wconf 92' lang='lat' dir='ltr'>Neque</span> <span class='ocrx_word' id='word_1_241' title='bbox 674 3902 794 3963; x_wconf 77' lang='lat' dir='ltr'>sciebatr</span> <span class='ocrx_word' id='word_1_242' title='bbox 810 3927 900 3983; x_wconf 87' lang='lat' dir='ltr'>neque</span> <span class='ocrx_word' id='word_1_243' title='bbox 908 3928 959 3985; x_wconf 88' lang='lat' dir='ltr'>per</span> <span class='ocrx_word' id='word_1_244' title='bbox 970 3920 1091 3967; x_wconf 85' lang='lat' dir='ltr'>aetatem</span> <span class='ocrx_word' id='word_1_245' title='bbox 1100 3908 1185 3968; x_wconf 87' lang='lat' dir='ltr'>etiam</span> <span class='ocrx_word' id='word_1_246' title='bbox 1193 3922 1336 3988; x_wconf 89' lang='lat' dir='ltr'>potuerat.</span> 
     </span>
     <span class='ocr_line' id='line_1_33' title="bbox 564 3993 1154 4081; baseline 0.024 -31"><span class='ocrx_word' id='word_1_247' title='bbox 564 3993 710 4055; x_wconf 84' lang='lat' dir='ltr'>Mercator</span> <span class='ocrx_word' id='word_1_248' title='bbox 720 3999 774 4057; x_wconf 93' lang='lat' dir='ltr'>hoc</span> <span class='ocrx_word' id='word_1_249' title='bbox 785 4002 917 4069; x_wconf 83' lang='lat' dir='ltr'>addebat,</span> <span class='ocrx_word' id='word_1_250' title='bbox 929 4024 943 4060; x_wconf 93' lang='lat' dir='ltr'>e</span> <span class='ocrx_word' id='word_1_251' title='bbox 955 4002 1154 4081; x_wconf 86' lang='lat' dir='ltr'>praedonibus,</span> 
     </span>
     <span class='ocr_line' id='line_1_34' title="bbox 565 4086 1440 4180; baseline 0.017 -33"><span class='ocrx_word' id='word_1_252' title='bbox 565 4090 652 4149; x_wconf 91' lang='lat' dir='ltr'>Unde</span> <span class='ocrx_word' id='word_1_253' title='bbox 663 4106 777 4164; x_wconf 89' lang='lat' dir='ltr'>emerat,</span> <span class='ocrx_word' id='word_1_254' title='bbox 789 4094 815 4154; x_wconf 82' lang='lat' dir='ltr'>se</span> <span class='ocrx_word' id='word_1_255' title='bbox 823 4096 936 4167; x_wconf 84' lang='lat' dir='ltr'>audiffe,</span> <span class='ocrx_word' id='word_1_256' title='bbox 947 4097 1093 4176; x_wconf 87' lang='lat' dir='ltr'>abreptam</span> <span class='ocrx_word' id='word_1_257' title='bbox 1103 4119 1118 4156; x_wconf 91' lang='lat' dir='ltr'>e</span> <span class='ocrx_word' id='word_1_258' title='bbox 1128 4097 1225 4157; x_wconf 88' lang='lat' dir='ltr'>Sunio.</span> <span class='ocrx_word' id='word_1_259' title='bbox 1321 4086 1325 4095; x_wconf 56' lang='grc'><em>’</em></span> <span class='ocrx_word' id='word_1_260' title='bbox 1407 4119 1422 4180; x_wconf 79' lang='lat'>3</span> <span class='ocrx_word' id='word_1_261' title='bbox 1426 4116 1440 4176; x_wconf 85' lang='lat'><em>5</em></span> 
     </span>
    </p>
   </div>
   <div class='ocr_carea' id='block_1_11' title="bbox 0 0 1854 5259">
    <p class='ocr_par' dir='ltr' id='par_1_19' title="bbox 0 0 1854 5259">
     <span class='ocr_line' id='line_1_35' title="bbox 0 0 1854 5259; baseline 0 2"><span class='ocrx_word' id='word_1_262' title='bbox 0 0 1854 5259; x_wconf 95' lang='lat' dir='ltr'> </span> 
     </span>
    </p>
   </div>
  </div>
 </body>
</html>
