3700 5259
534 803 567 872 96
814 801 1127 857 Eunucuun.

459 921 462 930 ’
539 924 595 982 Pa.
607 920 672 982 Non
689 916 807 977 dubium
826 916 875 986 est,
889 915 959 994 quin
976 916 1047 976 mihi
1060 940 1194 1004 magnum
1207 941 1241 980 ex
1259 923 1313 983 hac
1327 947 1357 985 re
1380 927 1418 988 fit

536 1111 595 1172 Nifi
606 1012 780 1190 qufflfflre
791 1107 846 1168 fuit
856 1107 910 1167 ho'c
920 1107 1022 1176 facere,
1033 1107 1063 1166 id
1075 1109 1199 1190 gaudeo,

534 1205 656 1284 Propter
668 1226 712 1264 me
722 1203 796 1264 hisce
810 1203 918 1282 aliquid
927 1203 978 1262 else
987 1219 1151 1296 eventurum
1164 1205 1240 1266 mali.

533 1300 671 1378 Namjam
681 1299 729 1358 diu
739 1299 862 1378 aliquam
876 1299 986 1358 causam
996 1301 1150 1378 quaerebat
1163 1301 1253 1372 senex,
1369 1321 1412 1384 30

532 1383 726 1480 Qamobrem
739 1393 845 1478 infigne
856 1393 965 1472 aliquid
976 1393 1081 1453 faceret
1093 1394 1149 1453 his.
1174 1397 1259 1456 Nune
1272 1401 1411 1478 repperit.

628 1557 858 1618 ¹ACTUS
888 1557 925 1616 V.
969 1557 1164 1618 SCENA
1193 1560 1267 1619 VIL
1333 1571 1335 1574 ’

731 1681 935 1730 ΡΥΤΗΙΑε.
969 1680 1200 1730 PARMENO.

872 1791 1051 1832 nurninn

530 1871 559 1930 N
567 1868 791 1957 UMQUAM
805 1865 921 1948 aedepol
936 1867 1091 1948 quidquam
1099 1871 1161 1949 jam
1174 1871 1234 1943 diu,
1249 1878 1327 1954 quod
1343 1901 1409 1938 ma·

649 1967 695 2050 gio
706 1965 804 2025 vellem
815 1959 937 2034 evenire,

527 2053 603 2120 Mihi
617 2047 718 2131 evenit,
736 2081 821 2140 quam
840 2060 918 2138 quod
931 2054 1109 2130 modoseneu
1123 2056 1198 2121 intio
1211 2066 1249 2124 ad
1262 2087 1312 2126 non
1324 2066 1408 2131 veuit

647 2177 752 2215 errans.

526 2249 601 2310 Mihi
615 2249 687 2309 solae
700 2251 818 2312 ridiculo
830 2251 894 2322 fuit,
905 2272 988 2330 quae,
1002 2251 1073 2330 quid
1080 2252 1202 2325 timeret,
1215 2255 1345 2320 sciebam.

525 2345 582 2402 Pa.
591 2341 733 2430 Qidhoe
743 2345 893 2405 autem’st?
914 2349 966 2422 Py.
979 2345 1062 2405 Nunc
1075 2347 1106 2407 id
1120 2351 1237 2428 prodeo,
1252 2368 1284 2413 ut
1293 2375 1402 2416 conve·

646 2435 721 2496 niam
733 2437 945 2498 Parmenonem.
987 2459 996 2472 '
1201 2461 1209 2472 “

524 2533 581 2593 Sed
594 2531 653 2602 ubi,
675 2532 799 2602 obicem,
813 2533 836 2592 is
855 2533 911 2591 est?
940 2536 996 2593 Pa.
1010 2533 1089 2594 Men'
1104 2539 1215 2616 quaerit
1228 2542 1316 2605 haec?
1344 2551 1399 2626 Py.

643 2627 745 2704 Atque
759 2649 854 2686 eccum
864 2627 955 2684 video.
976 2627 1071 2688 adibo.
1376 2663 1399 2723 5

523 2716 721 2806 Pa.Qidest‚
736 2711 849 2800 inepta?
861 2719 931 2799 quid
944 2722 1064 2786 tibivio?
1078 2726 1147 2805 quid
1156 2729 1248 2790 rides?
1267 2736 1402 2817 pergin'?

643 2819 694 2895 Py.
707 2813 792 2876 Perii.
1234 2830 1250 2904 [
1255 2829 1399 2912 Rogitas?

521 2914 633 2974 Defeffa
646 2917 704 2994 jam
719 2913 777 2972 sum
789 2911 885 2972 misera
899 2925 928 2971 te
939 2913 1063 2973 ridendo.
1096 2919 1152 2976 Pa.
1163 2921 1245 3005 Qid
1254 2924 1313 2984 ita?
1340 2931 1394 3005 Py.

520 3009 683 3088 Nunquam,
694 3009 753 3089 pol,
763 3009 903 3068 hominem
914 3008 1068 3068 stultiorem
1076 3010 1143 3081 vidi,
1155 3035 1205 3072 nec
1218 3017 1329 3077 videbo.
1345 3023 1393 3093 ah,

520 3101 585 3158 Non
599 3103 703 3180 poffum
714 3103 779 3163 satis
794 3125 913 3176 narrare,
928 3127 999 3183 quos
1010 3104 1091 3164 ludos
1101 3110 1260 3185 praebueris
1272 3114 1357 3175 intus.

519 3196 563 3252 At
574 3195 658 3254 etiam
667 3199 758 3276 primo
771 3201 943 3260 callidum'et
953 3201 1087 3260 disertum
1097 3205 1204 3264 credidi
1219 3209 1371 3272 hominem.

517 3290 615 3376 Qid?
634 3291 734 3350 ilicone
748 3297 857 3354 credere
867 3317 908 3365 ea,
921 3317 993 3373 quae
1003 3297 1073 3367 dixi,
1084 3301 1211 3378 oportuit
1224 3306 1272 3364 te?
1356 3329 1388 3369 11

516 3387 568 3446 An
577 3388 739 3466 poenitebat
749 3391 861 3472 flagitii,
872 3405 900 3450 te
911 3393 1025 3455 audone
1035 3397 1113 3470 quod
1122 3395 1225 3458 fecisset

516 3483 699 3553 Adolescens,
713 3484 740 3542 ni
752 3485 880 3544 miserum
894 3485 1005 3564 insuper
1015 3489 1100 3549 etiam
1110 3494 1185 3570 patri
1197 3495 1351 3558 indicares?

515 3579 590 3637 Nam
605 3583 674 3658 quid
684 3580 725 3640 illi
735 3581 825 3640 credis
834 3581 919 3642 animi
931 3595 992 3658 tum
1003 3583 1089 3655 fuiffe,
1101 3587 1150 3648 ubi
1161 3592 1261 3650 vestem
1276 3595 1348 3653 vidit

517 3674 599 3732 Illam
613 3677 736 3736 effecum
750 3677 880 3736 indutum
894 3679 994 3756 pater?
1014 3680 1147 3758 quidest?
1161 3689 1222 3764 jam
1232 3687 1283 3746 scis
1298 3703 1327 3747 te
1338 3712 1388 3768 pe-
1497 3693 1500 3699 ’

634 3771 721 3830 riiffe?
865 3805 866 3808 ¹
1304 3786 1390 3860 [deod

514 3867 569 3922 Pa.
583 3861 675 3922 Hem!
699 3866 768 3944 quid
776 3867 859 3939 dixti,
869 3870 1007 3948 pessuma?
1020 3893 1055 3930 an
1065 3875 1182 3933 mentita
1192 3898 1220 3934 es
1231 3878 1241 3935 ἲ
1254 3877 1387 3936 etiamsi·

514 3959 589 4016 Itan’
610 3957 734 4036 lepidum
749 3961 801 4021 tibi
815 3963 902 4023 visum
916 3965 965 4037 est,
986 3964 1084 4039 scelus,
1098 3989 1147 4027 nos
1170 3968 1302 4029 irridere?
1333 3975 1386 4048 Py.

632 4052 767 4112 Nimium.
1350 4087 1385 4148 17
