3700 5259
543 807 803 886 nonusm.
848 835 1042 887 10111111.
1073 841 1106 892 11.
1226 840 1276 894 aar

406 939 450 1000 Ut
462 941 615 1021 phaleratis
629 937 711 1000 dieis
723 939 808 1000 'ducas
820 961 874 1014 me,
888 956 918 1002 et
931 963 1021 1002 meam
1030 945 1127 1006 dumea
1138 946 1259 1028 gratiis?

406 1035 462 1094 An.
474 1035 681 1096 Miseritnm'st.
717 1036 769 1094 Ph.
786 1033 860 1094 Hei!
887 1035 958 1096 veria
982 1035 1088 1101 vincor.
1121 1040 1277 1127 &Quam

527 1144 644 1207 uterque
655 1127 861 1188 estfimiliafui!
1206 1131 1214 1144 ”
1241 1138 1278 1195 16
1397 1134 1401 1140 ’

406 1224 459 1292 Ph.
471 1221 582 1301 Neque,
593 1221 727 1312 Antipho
741 1222 795 1282 alia
806 1245 894 1302 quum
902 1239 1056 1305 occupatus
1066 1226 1131 1286 effet
1143 1227 1277 1307 sollicitu-

525 1320 600 1389 dine,

404 1411 829 1494 Tumhocellemihlobjefinm
837 1414 957 1474 malum!
982 1414 1117 1474 An.Ah!
1133 1415 1278 1498 quidistue

408 1539 411 1550 =
527 1507 679 1576 autemst,
695 1507 851 1566 Phaedria?

404 1602 459 1660 Ph.
476 1599 504 1659 Ο
523 1601 734 1661 fortunatiffime
753 1601 903 1680 Antipho!
937 1601 992 1666 An.
1005 1603 1126 1686 Egone?
1146 1605 1199 1664 Ph.
1210 1605 1278 1677 Cui,

526 1699 603 1774 quod
615 1719 702 1766 amaa,
715 1697 848 1757 domi'st:

403 1790 465 1850 Nec
479 1811 542 1850 cum
555 1791 711 1870 hujusmodi
725 1812 858 1871 umquam
873 1791 936 1852 usus
950 1792 1036 1861 venit,
1057 1804 1090 1851 ut
1103 1791 1277 1859 confliiiarea

528 1886 612 1946 malo.
1240 1907 1280 1948 20

405 1977 461 2040 An.
473 1979 577 2039 Mihin?
588 1981 665 2041 domi
671 1981 703 2041 ’st
710 1981 828 2052 limmo,
843 1981 873 2042 id
884 1982 962 2060 quod
971 1983 1059 2059 ajunt,
1069 1978 1184 2039 auribus
1194 1993 1279 2048 tenen

525 2073 631 2154 lupum.

404 2171 479 2230 Nam
493 2191 582 2248 neqna
592 2171 734 2248 quomodo
745 2190 762 2227 a
772 2191 815 2229 me
830 2169 969 2239 amittam,
983 2166 1107 2226 invenio:
1123 2186 1223 2244 neque,
1234 2159 1278 2225 uti

525 2265 669 2334 retineam,
683 2263 749 2321 scio.

404 2356 850 2438 llalpsumillucmihiinhoceli.
863 2359 916 2418 'Aa
924 2357 993 2425 Eia!
1005 2377 1039 2414 ne
1043 2357 1211 2435 parumleno
1217 2358 1276 2429 fies,

403 2451 551 2531 Numquid
564 2451 610 2510 hic
624 2449 761 2510 confecit?
782 2452 835 2536 Pla
846 2451 985 2510 Hiccine?
1005 2453 1083 2529 quod
1094 2452 1179 2510 homo
1193 2452 1276 2513 inhu-

523 2545 706 2606 maniffimus:

403 2640 580 2722 l’amphilam
601 2661 691 2700 meam
711 2639 844 2723 vendidit.
874 2641 1032 2728 GaQidl
1052 2643 1193 2703 vendidit?
1221 2643 1276 2711 An.

449 2777 452 2796 .
524 2735 614 2796 Ain'?
627 2735 772 2796 vendidit?
1238 2759 1276 2819 ²5

405 2832 457 2898 Ph.
466 2832 612 2892 Vendidit.
647 2833 701 2892 Do.
715 2833 812 2918 Qam
831 2830 980 2918 indignnm
999 2831 1122 2893 facinus!
1146 2833 1277 2895 ancillam

525 2947 589 2990 aere
602 2937 706 2990 emtam
720 2925 779 2989 suo.
1271 2934 1274 2942 '

402 3021 456 3082 Ph.
469 3019 587 3098 Nequeo
598 3039 723 3090 exorare,
738 3033 770 3080 ut
784 3041 827 3082 me
836 3035 958 3093 maneat,
972 3035 1001 3091 et
1010 3041 1075 3082 cum
1085 3021 1134 3080 illo
1143 3035 1174 3082 ut
1186 3035 1276 3082 mutet

524 3113 618 3183 fidem,

403 3204 543 3278 Triduum
557 3209 625 3266 hoc:
645 3209 713 3270 dum
727 3206 766 3278 id,
788 3209 866 3287 quod
880 3207 918 3276 est
938 3208 1108 3287 prnmilsnm,
1129 3210 1165 3269 ab
1179 3208 1274 3279 amicir

524 3315 672 3383 argentum
686 3301 791 3370 aulem,

403 3397 1275 3478 Situmnondedero‚unampraetereahoramneoppettusfiee·

404 3493 456 3552 Dor
470 3491 623 3552 Obtnndia.
645 3493 701 3578 An.
715 3492 1275 3577 Η1οἀ1013111111111,0001101111,ὓο-

524 3577 711 3658 rine'exoret,
725 3589 788 3647 fine.
960 3605 964 3610 ’
1052 3577 1056 3599 ⁶
1153 3580 1158 3591 ’
1236 3611 1275 3669 30

403 3680 484 3740 Idem
497 3680 552 3741 hoc
563 3683 629 3753 tibi,
650 3685 727 3762 quod
739 3683 809 3744 bene
827 3683 996 3764 promeritus
1008 3681 1106 3754 fuerin,
1126 3683 1273 3762 condupli-

522 3776 637 3836 caverit.

402 3870 455 3932 Do.
465 3870 560 3929 Verba
573 3872 655 3933 istaec
669 3873 742 3934 lunt.
768 3873 826 3934 An.
838 3871 1051 3952 Pamphilamne
1064 3871 1118 3930 hac
1129 3870 1200 3943 urbe
1213 3869 1273 3951 pri·

420 3995 424 4003 ·
522 3966 580 4026 vari
593 3968 679 4028 sinen?

402 4057 479 4124 'lum
491 4077 635 4142 praeterea
647 4064 765 4137 horunc'
779 4034 900 4132 amorem
913 4062 1028 4136 distrahi
1041 4064 1162 4145 pntenn’
1172 4064 1253 4146 pati?
