<?xml version="1.0" encoding="UTF-8"?>
<!DOCTYPE html PUBLIC "-//W3C//DTD XHTML 1.0 Transitional//EN"
    "http://www.w3.org/TR/xhtml1/DTD/xhtml1-transitional.dtd">
<html xmlns="http://www.w3.org/1999/xhtml" xml:lang="en" lang="en">
 <head>
  <title>
</title>
<meta http-equiv="Content-Type" content="text/html;charset=utf-8" />
  <meta name='ocr-system' content='tesseract 3.04.00' />
  <meta name='ocr-capabilities' content='ocr_page ocr_carea ocr_par ocr_line ocrx_word'/>
</head>
<body>
  <div class='ocr_page' id='page_1' title='image "./publiiterentiia02teregoog_0118.png"; bbox 0 0 3700 5259; ppageno 0'>
   <div class='ocr_carea' id='block_1_1' title="bbox 568 827 1296 886">
    <p class='ocr_par' dir='ltr' id='par_1_1' title="bbox 568 827 1296 886">
     <span class='ocr_line' id='line_1_1' title="bbox 568 827 1296 886; baseline 0.003 -6"><span class='ocrx_word' id='word_1_1' title='bbox 568 827 616 882; x_wconf 76' lang='lat'>108</span> <span class='ocrx_word' id='word_1_2' title='bbox 711 829 1296 886; x_wconf 69' lang='lat' dir='ltr'>REAUToN&#39;rrmoRuMBNos.</span> 
     </span>
    </p>
   </div>
   <div class='ocr_carea' id='block_1_2' title="bbox 557 931 1448 4056">
    <p class='ocr_par' dir='ltr' id='par_1_2' title="bbox 570 931 1435 1112">
     <span class='ocr_line' id='line_1_2' title="bbox 572 931 1435 1015; baseline 0.003 -23"><span class='ocrx_word' id='word_1_3' title='bbox 572 931 642 993; x_wconf 86' lang='lat' dir='ltr'>Inde</span> <span class='ocrx_word' id='word_1_4' title='bbox 657 931 737 1003; x_wconf 83' lang='lat' dir='ltr'>adeo,</span> <span class='ocrx_word' id='word_1_5' title='bbox 748 934 825 1010; x_wconf 89' lang='lat' dir='ltr'>qnod</span> <span class='ocrx_word' id='word_1_6' title='bbox 836 953 937 1015; x_wconf 71' lang='lat' dir='ltr'>agrum</span> <span class='ocrx_word' id='word_1_7' title='bbox 945 932 974 992; x_wconf 91' lang='lat' dir='ltr'>in</span> <span class='ocrx_word' id='word_1_8' title='bbox 982 931 1112 1013; x_wconf 87' lang='lat' dir='ltr'>proximo</span> <span class='ocrx_word' id='word_1_9' title='bbox 1125 932 1172 990; x_wconf 93' lang='lat' dir='ltr'>hic</span> <span class='ocrx_word' id='word_1_10' title='bbox 1185 947 1323 994; x_wconf 72' lang='lat' dir='ltr'>mercatur</span> <span class='ocrx_word' id='word_1_11' title='bbox 1336 937 1394 1006; x_wconf 70' lang='lat' dir='ltr'>eo,&#39;</span> <span class='ocrx_word' id='word_1_12' title='bbox 1432 955 1435 960; x_wconf 90' lang='lat'>·</span> 
     </span>
     <span class='ocr_line' id='line_1_3' title="bbox 570 1025 1212 1112; baseline -0.006 -22"><span class='ocrx_word' id='word_1_13' title='bbox 570 1029 632 1090; x_wconf 92' lang='lat' dir='ltr'>Nec</span> <span class='ocrx_word' id='word_1_14' title='bbox 643 1028 682 1088; x_wconf 89' lang='lat' dir='ltr'>rei</span> <span class='ocrx_word' id='word_1_15' title='bbox 695 1027 752 1092; x_wconf 83' lang='lat' dir='ltr'>fere</span> <span class='ocrx_word' id='word_1_16' title='bbox 763 1028 826 1091; x_wconf 86' lang='lat' dir='ltr'>sane</span> <span class='ocrx_word' id='word_1_17' title='bbox 840 1027 961 1106; x_wconf 82' lang='lat' dir='ltr'>amplior</span> <span class='ocrx_word' id='word_1_18' title='bbox 974 1027 1130 1112; x_wconf 68' lang='lat' dir='ltr'>quidquam</span> <span class='ocrx_word' id='word_1_19' title='bbox 1140 1025 1212 1099; x_wconf 77' lang='lat' dir='ltr'>fuit3</span> 
     </span>
    </p>

    <p class='ocr_par' dir='ltr' id='par_1_3' title="bbox 569 1119 1174 1200">
     <span class='ocr_line' id='line_1_4' title="bbox 569 1119 1174 1200; baseline -0.003 -18"><span class='ocrx_word' id='word_1_20' title='bbox 569 1119 678 1182; x_wconf 81' lang='lat' dir='ltr'>Tamen</span> <span class='ocrx_word' id='word_1_21' title='bbox 687 1121 729 1182; x_wconf 91' lang='lat' dir='ltr'>vel</span> <span class='ocrx_word' id='word_1_22' title='bbox 744 1122 831 1200; x_wconf 62' lang='lat' dir='ltr'>virtue</span> <span class='ocrx_word' id='word_1_23' title='bbox 845 1136 895 1182; x_wconf 82' lang='lat' dir='ltr'>tua</span> <span class='ocrx_word' id='word_1_24' title='bbox 909 1143 965 1192; x_wconf 84' lang='lat' dir='ltr'>me,</span> <span class='ocrx_word' id='word_1_25' title='bbox 980 1121 1025 1180; x_wconf 87' lang='lat' dir='ltr'>vel</span> <span class='ocrx_word' id='word_1_26' title='bbox 1035 1120 1174 1193; x_wconf 73' lang='lat' dir='ltr'>vicinitas,</span> 
     </span>
    </p>

    <p class='ocr_par' dir='ltr' id='par_1_4' title="bbox 568 1215 1442 1492">
     <span class='ocr_line' id='line_1_5' title="bbox 568 1215 1437 1302; baseline 0.006 -28"><span class='ocrx_word' id='word_1_27' title='bbox 568 1217 658 1302; x_wconf 81' lang='lat' dir='ltr'>Qod</span> <span class='ocrx_word' id='word_1_28' title='bbox 666 1237 721 1298; x_wconf 87' lang='lat' dir='ltr'>ego</span> <span class='ocrx_word' id='word_1_29' title='bbox 732 1215 760 1273; x_wconf 93' lang='lat' dir='ltr'>in</span> <span class='ocrx_word' id='word_1_30' title='bbox 769 1217 929 1296; x_wconf 85' lang='lat' dir='ltr'>propinqua</span> <span class='ocrx_word' id='word_1_31' title='bbox 943 1231 1025 1296; x_wconf 79' lang='lat' dir='ltr'>parte</span> <span class='ocrx_word' id='word_1_32' title='bbox 1035 1216 1175 1276; x_wconf 83' lang='lat' dir='ltr'>amicitiae</span> <span class='ocrx_word' id='word_1_33' title='bbox 1183 1231 1266 1298; x_wconf 83' lang='lat' dir='ltr'>puto,</span> <span class='ocrx_word' id='word_1_34' title='bbox 1419 1236 1437 1299; x_wconf 84' lang='lat'>5</span> 
     </span>
     <span class='ocr_line' id='line_1_6' title="bbox 571 1309 1442 1397; baseline 0.01 -30"><span class='ocrx_word' id='word_1_35' title='bbox 571 1310 662 1397; x_wconf 78' lang='lat' dir='ltr'>Facit,</span> <span class='ocrx_word' id='word_1_36' title='bbox 676 1325 709 1368; x_wconf 89' lang='lat' dir='ltr'>ut</span> <span class='ocrx_word' id='word_1_37' title='bbox 717 1323 746 1369; x_wconf 89' lang='lat' dir='ltr'>te</span> <span class='ocrx_word' id='word_1_38' title='bbox 755 1313 888 1390; x_wconf 61' lang='lat' dir='ltr'>andafiier</span> <span class='ocrx_word' id='word_1_39' title='bbox 901 1333 1039 1382; x_wconf 85' lang='lat' dir='ltr'>moneam,</span> <span class='ocrx_word' id='word_1_40' title='bbox 1052 1326 1081 1374; x_wconf 88' lang='lat' dir='ltr'>et</span> <span class='ocrx_word' id='word_1_41' title='bbox 1094 1311 1286 1382; x_wconf 76' lang='lat' dir='ltr'>familiariter:</span> <span class='ocrx_word' id='word_1_42' title='bbox 1437 1309 1442 1316; x_wconf 54' lang='grc'>’</span> 
     </span>
     <span class='ocr_line' id='line_1_7' title="bbox 569 1407 1183 1492; baseline 0.002 -27"><span class='ocrx_word' id='word_1_43' title='bbox 569 1407 658 1492; x_wconf 81' lang='lat' dir='ltr'>Qod</span> <span class='ocrx_word' id='word_1_44' title='bbox 668 1407 736 1468; x_wconf 88' lang='lat' dir='ltr'>mihi</span> <span class='ocrx_word' id='word_1_45' title='bbox 745 1407 836 1467; x_wconf 91' lang='lat' dir='ltr'>videre</span> <span class='ocrx_word' id='word_1_46' title='bbox 846 1422 958 1488; x_wconf 88' lang='lat' dir='ltr'>praeter</span> <span class='ocrx_word' id='word_1_47' title='bbox 970 1421 1091 1468; x_wconf 86' lang='lat' dir='ltr'>aetatem</span> <span class='ocrx_word' id='word_1_48' title='bbox 1104 1421 1183 1478; x_wconf 75' lang='lat' dir='ltr'>tuam</span> 
     </span>
    </p>

    <p class='ocr_par' dir='ltr' id='par_1_5' title="bbox 569 1501 1297 1582">
     <span class='ocr_line' id='line_1_8' title="bbox 569 1501 1297 1582; baseline 0 -22"><span class='ocrx_word' id='word_1_49' title='bbox 569 1501 683 1572; x_wconf 84' lang='lat' dir='ltr'>Facere,</span> <span class='ocrx_word' id='word_1_50' title='bbox 698 1515 727 1561; x_wconf 86' lang='lat' dir='ltr'>et</span> <span class='ocrx_word' id='word_1_51' title='bbox 739 1515 851 1581; x_wconf 85' lang='lat' dir='ltr'>praeter</span> <span class='ocrx_word' id='word_1_52' title='bbox 864 1523 950 1582; x_wconf 84' lang='lat' dir='ltr'>quam</span> <span class='ocrx_word' id='word_1_53' title='bbox 964 1523 1007 1564; x_wconf 79' lang='lat' dir='ltr'>rer</span> <span class='ocrx_word' id='word_1_54' title='bbox 1018 1514 1046 1567; x_wconf 86' lang='lat' dir='ltr'>te</span> <span class='ocrx_word' id='word_1_55' title='bbox 1057 1501 1224 1577; x_wconf 71' lang='lat' dir='ltr'>adhortatur</span> <span class='ocrx_word' id='word_1_56' title='bbox 1234 1515 1297 1579; x_wconf 57' lang='lat' dir='ltr'>tua,</span> 
     </span>
    </p>

    <p class='ocr_par' dir='ltr' id='par_1_6' title="bbox 567 1591 1440 1962">
     <span class='ocr_line' id='line_1_9' title="bbox 568 1591 1432 1676; baseline -0.001 -22"><span class='ocrx_word' id='word_1_57' title='bbox 568 1591 642 1654; x_wconf 79' lang='lat' dir='ltr'>Nam</span> <span class='ocrx_word' id='word_1_58' title='bbox 652 1597 724 1676; x_wconf 91' lang='lat' dir='ltr'>proh</span> <span class='ocrx_word' id='word_1_59' title='bbox 737 1597 832 1663; x_wconf 76' lang='lat' dir='ltr'>Dehm</span> <span class='ocrx_word' id='word_1_60' title='bbox 846 1611 932 1674; x_wconf 78' lang='lat' dir='ltr'>atque</span> <span class='ocrx_word' id='word_1_61' title='bbox 945 1593 1090 1663; x_wconf 81' lang='lat' dir='ltr'>hominum</span> <span class='ocrx_word' id='word_1_62' title='bbox 1104 1596 1202 1655; x_wconf 84' lang='lat' dir='ltr'>fidem!</span> <span class='ocrx_word' id='word_1_63' title='bbox 1218 1597 1287 1676; x_wconf 73' lang='lat' dir='ltr'>quid</span> <span class='ocrx_word' id='word_1_64' title='bbox 1303 1596 1432 1674; x_wconf 64' lang='lat' dir='ltr'>vittibii.</span> 
     </span>
     <span class='ocr_line' id='line_1_10' title="bbox 568 1689 1440 1776; baseline 0.009 -28"><span class='ocrx_word' id='word_1_65' title='bbox 568 1689 649 1776; x_wconf 79' lang='lat' dir='ltr'>Qid</span> <span class='ocrx_word' id='word_1_66' title='bbox 660 1692 887 1770; x_wconf 70' lang='lat' dir='ltr'>quaerisiannor</span> <span class='ocrx_word' id='word_1_67' title='bbox 896 1690 1041 1774; x_wconf 80' lang='lat' dir='ltr'>sexaginta</span> <span class='ocrx_word' id='word_1_68' title='bbox 1051 1705 1133 1754; x_wconf 83' lang='lat' dir='ltr'>natos</span> <span class='ocrx_word' id='word_1_69' title='bbox 1146 1713 1187 1762; x_wconf 76' lang='lat' dir='ltr'>ee,</span> <span class='ocrx_word' id='word_1_70' title='bbox 1407 1713 1440 1770; x_wconf 84' lang='lat'>10</span> 
     </span>
     <span class='ocr_line' id='line_1_11' title="bbox 567 1785 1341 1868; baseline 0.006 -24"><span class='ocrx_word' id='word_1_71' title='bbox 567 1785 705 1866; x_wconf 82' lang='lat' dir='ltr'>Autplus</span> <span class='ocrx_word' id='word_1_72' title='bbox 720 1799 765 1856; x_wconf 90' lang='lat' dir='ltr'>eo,&#39;</span> <span class='ocrx_word' id='word_1_73' title='bbox 776 1800 808 1854; x_wconf 83' lang='lat' dir='ltr'>ut</span> <span class='ocrx_word' id='word_1_74' title='bbox 819 1785 947 1866; x_wconf 87' lang='lat' dir='ltr'>conjicio.</span> <span class='ocrx_word' id='word_1_75' title='bbox 968 1807 1069 1867; x_wconf 84' lang='lat' dir='ltr'>agrum</span> <span class='ocrx_word' id='word_1_76' title='bbox 1079 1785 1108 1857; x_wconf 83' lang='lat' dir='ltr'>in</span> <span class='ocrx_word' id='word_1_77' title='bbox 1122 1785 1341 1868; x_wconf 67' lang='lat' dir='ltr'>hirregionibnc</span> 
     </span>
     <span class='ocr_line' id='line_1_12' title="bbox 568 1871 1298 1962; baseline 0.004 -24"><span class='ocrx_word' id='word_1_78' title='bbox 568 1874 728 1953; x_wconf 80' lang='lat' dir='ltr'>Meliorem,</span> <span class='ocrx_word' id='word_1_79' title='bbox 743 1903 832 1962; x_wconf 84' lang='lat' dir='ltr'>neque</span> <span class='ocrx_word' id='word_1_80' title='bbox 845 1881 930 1962; x_wconf 83' lang='lat' dir='ltr'>pretii</span> <span class='ocrx_word' id='word_1_81' title='bbox 943 1880 1066 1959; x_wconf 80' lang='lat' dir='ltr'>majoris,</span> <span class='ocrx_word' id='word_1_82' title='bbox 1081 1901 1162 1947; x_wconf 82' lang='lat' dir='ltr'>nemo</span> <span class='ocrx_word' id='word_1_83' title='bbox 1175 1883 1276 1959; x_wconf 69' lang='lat' dir='ltr'>habete</span> <span class='ocrx_word' id='word_1_84' title='bbox 1292 1871 1298 1882; x_wconf 61' lang='grc'><strong><em>’</em></strong></span> 
     </span>
    </p>

    <p class='ocr_par' dir='ltr' id='par_1_7' title="bbox 568 1978 1246 2060">
     <span class='ocr_line' id='line_1_13' title="bbox 568 1978 1246 2060; baseline 0.003 -26"><span class='ocrx_word' id='word_1_85' title='bbox 568 1978 668 2038; x_wconf 83' lang='lat' dir='ltr'>Servos</span> <span class='ocrx_word' id='word_1_86' title='bbox 682 1981 865 2060; x_wconf 75' lang='lat' dir='ltr'>complureiox</span> <span class='ocrx_word' id='word_1_87' title='bbox 880 1979 997 2060; x_wconf 85' lang='lat' dir='ltr'>proinde</span> <span class='ocrx_word' id='word_1_88' title='bbox 1007 1978 1084 2056; x_wconf 84' lang='lat' dir='ltr'>quafi</span> <span class='ocrx_word' id='word_1_89' title='bbox 1095 1989 1176 2036; x_wconf 82' lang='lat' dir='ltr'>nemo</span> <span class='ocrx_word' id='word_1_90' title='bbox 1185 1979 1246 2051; x_wconf 85' lang='lat' dir='ltr'>fiet,</span> 
     </span>
    </p>

    <p class='ocr_par' dir='ltr' id='par_1_8' title="bbox 569 2071 1164 2154">
     <span class='ocr_line' id='line_1_14' title="bbox 569 2071 1164 2154; baseline 0.003 -24"><span class='ocrx_word' id='word_1_91' title='bbox 569 2073 615 2131; x_wconf 83' lang='lat' dir='ltr'>Ita</span> <span class='ocrx_word' id='word_1_92' title='bbox 624 2088 685 2134; x_wconf 89' lang='lat' dir='ltr'>tute</span> <span class='ocrx_word' id='word_1_93' title='bbox 694 2089 801 2145; x_wconf 79' lang='lat' dir='ltr'>attente</span> <span class='ocrx_word' id='word_1_94' title='bbox 811 2075 922 2134; x_wconf 85' lang='lat' dir='ltr'>illorum</span> <span class='ocrx_word' id='word_1_95' title='bbox 935 2072 1027 2132; x_wconf 87' lang='lat' dir='ltr'>officia</span> <span class='ocrx_word' id='word_1_96' title='bbox 1037 2071 1164 2154; x_wconf 83' lang='lat' dir='ltr'>fungere.</span> 
     </span>
    </p>

    <p class='ocr_par' dir='ltr' id='par_1_9' title="bbox 567 2153 1438 2344">
     <span class='ocr_line' id='line_1_15' title="bbox 567 2153 1438 2251; baseline 0.006 -25"><span class='ocrx_word' id='word_1_97' title='bbox 567 2153 720 2245; x_wconf 77' lang='lat' dir='ltr'>Nunquam</span> <span class='ocrx_word' id='word_1_98' title='bbox 730 2183 788 2228; x_wconf 84' lang='lat' dir='ltr'>tam</span> <span class='ocrx_word' id='word_1_99' title='bbox 798 2191 878 2230; x_wconf 84' lang='lat' dir='ltr'>mane</span> <span class='ocrx_word' id='word_1_100' title='bbox 888 2167 1029 2250; x_wconf 84' lang='lat' dir='ltr'>egredior,</span> <span class='ocrx_word' id='word_1_101' title='bbox 1044 2188 1134 2246; x_wconf 68' lang='lat' dir='ltr'>oeque</span> <span class='ocrx_word' id='word_1_102' title='bbox 1146 2179 1204 2226; x_wconf 84' lang='lat' dir='ltr'>tam</span> <span class='ocrx_word' id='word_1_103' title='bbox 1215 2167 1320 2247; x_wconf 78' lang='lat' dir='ltr'>vesperi</span> <span class='ocrx_word' id='word_1_104' title='bbox 1405 2190 1438 2251; x_wconf 69' lang='lat'>15</span> 
     </span>
     <span class='ocr_line' id='line_1_16' title="bbox 568 2262 1256 2344; baseline 0.006 -24"><span class='ocrx_word' id='word_1_105' title='bbox 568 2263 695 2336; x_wconf 79' lang='lat' dir='ltr'>Domum</span> <span class='ocrx_word' id='word_1_106' title='bbox 704 2279 839 2336; x_wconf 87' lang='lat' dir='ltr'>revortor,</span> <span class='ocrx_word' id='word_1_107' title='bbox 855 2265 923 2344; x_wconf 88' lang='lat' dir='ltr'>quin</span> <span class='ocrx_word' id='word_1_108' title='bbox 936 2279 964 2323; x_wconf 89' lang='lat' dir='ltr'>te</span> <span class='ocrx_word' id='word_1_109' title='bbox 974 2263 1003 2322; x_wconf 91' lang='lat' dir='ltr'>in</span> <span class='ocrx_word' id='word_1_110' title='bbox 1013 2262 1101 2322; x_wconf 83' lang='lat' dir='ltr'>fundo</span> <span class='ocrx_word' id='word_1_111' title='bbox 1114 2263 1256 2342; x_wconf 80' lang='lat' dir='ltr'>conspicer</span> 
     </span>
    </p>

    <p class='ocr_par' dir='ltr' id='par_1_10' title="bbox 570 2359 1266 2442">
     <span class='ocr_line' id='line_1_17' title="bbox 570 2359 1266 2442; baseline 0.013 -24"><span class='ocrx_word' id='word_1_112' title='bbox 570 2359 686 2432; x_wconf 86' lang='lat' dir='ltr'>Fodere,</span> <span class='ocrx_word' id='word_1_113' title='bbox 699 2377 748 2421; x_wconf 83' lang='lat' dir='ltr'>aut</span> <span class='ocrx_word' id='word_1_114' title='bbox 762 2385 851 2434; x_wconf 80' lang='lat' dir='ltr'>arare,</span> <span class='ocrx_word' id='word_1_115' title='bbox 862 2377 911 2422; x_wconf 83' lang='lat' dir='ltr'>aut</span> <span class='ocrx_word' id='word_1_116' title='bbox 922 2363 1031 2442; x_wconf 89' lang='lat' dir='ltr'>aliquid</span> <span class='ocrx_word' id='word_1_117' title='bbox 1043 2363 1124 2422; x_wconf 81' lang='lat' dir='ltr'>ferre.</span> <span class='ocrx_word' id='word_1_118' title='bbox 1144 2361 1266 2439; x_wconf 81' lang='lat' dir='ltr'>denique</span> 
     </span>
    </p>

    <p class='ocr_par' dir='ltr' id='par_1_11' title="bbox 567 2453 1265 2538">
     <span class='ocr_line' id='line_1_18' title="bbox 567 2453 1265 2538; baseline 0.004 -26"><span class='ocrx_word' id='word_1_119' title='bbox 567 2453 685 2515; x_wconf 85' lang='lat' dir='ltr'>Nullum</span> <span class='ocrx_word' id='word_1_120' title='bbox 695 2458 814 2520; x_wconf 86' lang='lat' dir='ltr'>remittis</span> <span class='ocrx_word' id='word_1_121' title='bbox 828 2473 955 2538; x_wconf 70' lang='lat' dir='ltr'>tempusa</span> <span class='ocrx_word' id='word_1_122' title='bbox 971 2454 1228 2537; x_wconf 76' lang='lat' dir='ltr'>nequererespicie·</span> <span class='ocrx_word' id='word_1_123' title='bbox 1261 2496 1265 2500; x_wconf 18' lang='grc' dir='ltr'><strong>Δ</strong></span> 
     </span>
    </p>

    <p class='ocr_par' dir='ltr' id='par_1_12' title="bbox 568 2545 1243 2634">
     <span class='ocr_line' id='line_1_19' title="bbox 568 2545 1243 2634; baseline 0.009 -30"><span class='ocrx_word' id='word_1_124' title='bbox 568 2545 651 2606; x_wconf 85' lang='lat' dir='ltr'>Haec</span> <span class='ocrx_word' id='word_1_125' title='bbox 661 2573 715 2609; x_wconf 87' lang='lat' dir='ltr'>non</span> <span class='ocrx_word' id='word_1_126' title='bbox 726 2555 865 2634; x_wconf 88' lang='lat' dir='ltr'>voluptati</span> <span class='ocrx_word' id='word_1_127' title='bbox 876 2555 930 2614; x_wconf 90' lang='lat' dir='ltr'>tibi</span> <span class='ocrx_word' id='word_1_128' title='bbox 941 2555 1001 2624; x_wconf 79' lang='lat' dir='ltr'>effe,</span> <span class='ocrx_word' id='word_1_129' title='bbox 1015 2553 1080 2612; x_wconf 80' lang='lat' dir='ltr'>satis</span> <span class='ocrx_word' id='word_1_130' title='bbox 1090 2567 1168 2610; x_wconf 84' lang='lat' dir='ltr'>certo</span> <span class='ocrx_word' id='word_1_131' title='bbox 1178 2551 1243 2610; x_wconf 85' lang='lat' dir='ltr'>scio.</span> 
     </span>
    </p>

    <p class='ocr_par' dir='ltr' id='par_1_13' title="bbox 565 2639 1440 2824">
     <span class='ocr_line' id='line_1_20' title="bbox 566 2639 1440 2729; baseline 0.011 -31"><span class='ocrx_word' id='word_1_132' title='bbox 566 2639 613 2700; x_wconf 87' lang='lat' dir='ltr'>At</span> <span class='ocrx_word' id='word_1_133' title='bbox 627 2645 699 2702; x_wconf 86' lang='lat' dir='ltr'>enim</span> <span class='ocrx_word' id='word_1_134' title='bbox 713 2647 798 2718; x_wconf 85' lang='lat' dir='ltr'>dices,</span> <span class='ocrx_word' id='word_1_135' title='bbox 808 2671 862 2718; x_wconf 87' lang='lat' dir='ltr'>me,</span> <span class='ocrx_word' id='word_1_136' title='bbox 871 2662 1007 2728; x_wconf 87' lang='lat' dir='ltr'>quantum</span> <span class='ocrx_word' id='word_1_137' title='bbox 1015 2649 1062 2710; x_wconf 88' lang='lat' dir='ltr'>hic</span> <span class='ocrx_word' id='word_1_138' title='bbox 1071 2646 1232 2726; x_wconf 77' lang='lat' dir='ltr'>opetiefiat‚</span> <span class='ocrx_word' id='word_1_139' title='bbox 1242 2645 1381 2727; x_wconf 77' lang='lat' dir='ltr'>poenitet.</span> <span class='ocrx_word' id='word_1_140' title='bbox 1403 2667 1440 2729; x_wconf 76' lang='lat' dir='ltr'>aq</span> 
     </span>
     <span class='ocr_line' id='line_1_21' title="bbox 565 2737 1277 2824; baseline 0.01 -31"><span class='ocrx_word' id='word_1_141' title='bbox 565 2738 655 2822; x_wconf 74' lang='lat' dir='ltr'>Qod</span> <span class='ocrx_word' id='word_1_142' title='bbox 665 2737 693 2795; x_wconf 93' lang='lat' dir='ltr'>in</span> <span class='ocrx_word' id='word_1_143' title='bbox 707 2762 791 2820; x_wconf 89' lang='lat' dir='ltr'>opere</span> <span class='ocrx_word' id='word_1_144' title='bbox 800 2744 932 2821; x_wconf 82' lang='lat' dir='ltr'>faciundo</span> <span class='ocrx_word' id='word_1_145' title='bbox 946 2764 1047 2824; x_wconf 81' lang='lat' dir='ltr'>operae</span> <span class='ocrx_word' id='word_1_146' title='bbox 1055 2740 1191 2808; x_wconf 71' lang='lat' dir='ltr'>consumit</span> <span class='ocrx_word' id='word_1_147' title='bbox 1201 2753 1277 2820; x_wconf 70' lang='lat' dir='ltr'>tuae,</span> 
     </span>
    </p>

    <p class='ocr_par' dir='ltr' id='par_1_14' title="bbox 566 2830 1162 2917">
     <span class='ocr_line' id='line_1_22' title="bbox 566 2830 1162 2917; baseline 0.017 -27"><span class='ocrx_word' id='word_1_148' title='bbox 566 2830 597 2890; x_wconf 84' lang='lat' dir='ltr'>si</span> <span class='ocrx_word' id='word_1_149' title='bbox 612 2830 700 2892; x_wconf 83' lang='lat' dir='ltr'>sumas</span> <span class='ocrx_word' id='word_1_150' title='bbox 716 2834 811 2896; x_wconf 74' lang='lat' dir='ltr'>inillis</span> <span class='ocrx_word' id='word_1_151' title='bbox 825 2838 995 2914; x_wconf 75' lang='lat' dir='ltr'>exercendis,</span> <span class='ocrx_word' id='word_1_152' title='bbox 1009 2837 1072 2917; x_wconf 77' lang='lat' dir='ltr'>plue</span> <span class='ocrx_word' id='word_1_153' title='bbox 1083 2855 1162 2917; x_wconf 70' lang='lat' dir='ltr'>agae·</span> 
     </span>
    </p>

    <p class='ocr_par' dir='ltr' id='par_1_15' title="bbox 565 2927 1261 3003">
     <span class='ocr_line' id='line_1_23' title="bbox 565 2927 1261 3003; baseline 0.003 -17"><span class='ocrx_word' id='word_1_154' title='bbox 565 2927 627 2986; x_wconf 87' lang='lat' dir='ltr'>Me.</span> <span class='ocrx_word' id='word_1_155' title='bbox 637 2929 768 3003; x_wconf 78' lang='lat' dir='ltr'>Chreme,</span> <span class='ocrx_word' id='word_1_156' title='bbox 782 2945 928 2992; x_wconf 86' lang='lat' dir='ltr'>tantumne</span> <span class='ocrx_word' id='word_1_157' title='bbox 939 2932 977 2992; x_wconf 85' lang='lat' dir='ltr'>est</span> <span class='ocrx_word' id='word_1_158' title='bbox 985 2932 1021 2990; x_wconf 81' lang='lat' dir='ltr'>ab</span> <span class='ocrx_word' id='word_1_159' title='bbox 1035 2952 1065 2990; x_wconf 87' lang='lat' dir='ltr'>re</span> <span class='ocrx_word' id='word_1_160' title='bbox 1074 2947 1124 2990; x_wconf 87' lang='lat' dir='ltr'>tua</span> <span class='ocrx_word' id='word_1_161' title='bbox 1134 2928 1186 2989; x_wconf 90' lang='lat' dir='ltr'>otii</span> <span class='ocrx_word' id='word_1_162' title='bbox 1197 2927 1261 2998; x_wconf 89' lang='lat' dir='ltr'>tibi,</span> 
     </span>
    </p>

    <p class='ocr_par' dir='ltr' id='par_1_16' title="bbox 564 3021 1328 3107">
     <span class='ocr_line' id='line_1_24' title="bbox 564 3021 1328 3107; baseline 0.007 -29"><span class='ocrx_word' id='word_1_163' title='bbox 564 3021 669 3081; x_wconf 84' lang='lat' dir='ltr'>Aliena</span> <span class='ocrx_word' id='word_1_164' title='bbox 681 3039 712 3084; x_wconf 88' lang='lat' dir='ltr'>ut</span> <span class='ocrx_word' id='word_1_165' title='bbox 720 3048 816 3098; x_wconf 59' lang='lat' dir='ltr'>curem</span> <span class='ocrx_word' id='word_1_166' title='bbox 831 3049 931 3107; x_wconf 85' lang='lat' dir='ltr'>eaque,</span> <span class='ocrx_word' id='word_1_167' title='bbox 942 3026 1011 3086; x_wconf 90' lang='lat' dir='ltr'>nihil</span> <span class='ocrx_word' id='word_1_168' title='bbox 1026 3046 1098 3104; x_wconf 87' lang='lat' dir='ltr'>quae</span> <span class='ocrx_word' id='word_1_169' title='bbox 1107 3025 1144 3082; x_wconf 86' lang='lat' dir='ltr'>ad</span> <span class='ocrx_word' id='word_1_170' title='bbox 1152 3037 1180 3082; x_wconf 89' lang='lat' dir='ltr'>te</span> <span class='ocrx_word' id='word_1_171' title='bbox 1189 3023 1328 3083; x_wconf 80' lang='lat' dir='ltr'>attinent?</span> 
     </span>
    </p>

    <p class='ocr_par' dir='ltr' id='par_1_17' title="bbox 562 3117 1448 3487">
     <span class='ocr_line' id='line_1_25' title="bbox 566 3117 1448 3206; baseline 0.006 -31"><span class='ocrx_word' id='word_1_172' title='bbox 566 3117 614 3171; x_wconf 85' lang='lat' dir='ltr'>Cb·</span> <span class='ocrx_word' id='word_1_173' title='bbox 628 3117 727 3185; x_wconf 87' lang='lat' dir='ltr'>Homo</span> <span class='ocrx_word' id='word_1_174' title='bbox 741 3121 815 3180; x_wconf 81' lang='lat' dir='ltr'>surn:</span> <span class='ocrx_word' id='word_1_175' title='bbox 831 3123 946 3181; x_wconf 86' lang='lat' dir='ltr'>humani</span> <span class='ocrx_word' id='word_1_176' title='bbox 960 3122 1056 3185; x_wconf 89' lang='lat' dir='ltr'>nihila</span> <span class='ocrx_word' id='word_1_177' title='bbox 1069 3143 1114 3185; x_wconf 87' lang='lat' dir='ltr'>me</span> <span class='ocrx_word' id='word_1_178' title='bbox 1123 3121 1244 3180; x_wconf 83' lang='lat' dir='ltr'>alienum</span> <span class='ocrx_word' id='word_1_179' title='bbox 1254 3135 1334 3200; x_wconf 89' lang='lat' dir='ltr'>puto.</span> <span class='ocrx_word' id='word_1_180' title='bbox 1399 3143 1416 3187; x_wconf 86' lang='lat'><em>2</em></span> <span class='ocrx_word' id='word_1_181' title='bbox 1420 3143 1448 3206; x_wconf 67' lang='grc' dir='ltr'>ς.</span> 
     </span>
     <span class='ocr_line' id='line_1_26' title="bbox 563 3208 1434 3297; baseline 0.009 -29"><span class='ocrx_word' id='word_1_182' title='bbox 563 3209 617 3285; x_wconf 78' lang='lat' dir='ltr'>Vel</span> <span class='ocrx_word' id='word_1_183' title='bbox 627 3232 670 3269; x_wconf 89' lang='lat' dir='ltr'>me</span> <span class='ocrx_word' id='word_1_184' title='bbox 681 3233 791 3272; x_wconf 84' lang='lat' dir='ltr'>monere</span> <span class='ocrx_word' id='word_1_185' title='bbox 802 3216 867 3285; x_wconf 90' lang='lat' dir='ltr'>hoc,</span> <span class='ocrx_word' id='word_1_186' title='bbox 878 3218 919 3276; x_wconf 80' lang='lat' dir='ltr'>vel</span> <span class='ocrx_word' id='word_1_187' title='bbox 929 3216 1086 3297; x_wconf 81' lang='lat' dir='ltr'>percontari</span> <span class='ocrx_word' id='word_1_188' title='bbox 1096 3230 1176 3294; x_wconf 84' lang='lat' dir='ltr'>puta.</span> <span class='ocrx_word' id='word_1_189' title='bbox 1428 3208 1434 3220; x_wconf 54' lang='grc'><strong><em>’</em></strong></span> 
     </span>
     <span class='ocr_line' id='line_1_27' title="bbox 565 3306 1395 3395; baseline 0.007 -31"><span class='ocrx_word' id='word_1_190' title='bbox 565 3306 685 3366; x_wconf 73' lang='lat' dir='ltr'>Re&amp;um</span> <span class='ocrx_word' id='word_1_191' title='bbox 697 3308 752 3366; x_wconf 88' lang='lat' dir='ltr'>est?</span> <span class='ocrx_word' id='word_1_192' title='bbox 765 3311 819 3390; x_wconf 75' lang='lat' dir='ltr'>ego</span> <span class='ocrx_word' id='word_1_193' title='bbox 834 3324 866 3384; x_wconf 82' lang='lat' dir='ltr'>nt</span> <span class='ocrx_word' id='word_1_194' title='bbox 874 3311 990 3372; x_wconf 78' lang='lat' dir='ltr'>faciam:</span> <span class='ocrx_word' id='word_1_195' title='bbox 1006 3333 1061 3384; x_wconf 75' lang='lat' dir='ltr'>non</span> <span class='ocrx_word' id='word_1_196' title='bbox 1072 3311 1126 3377; x_wconf 76' lang='lat' dir='ltr'>est?</span> <span class='ocrx_word' id='word_1_197' title='bbox 1144 3323 1172 3377; x_wconf 80' lang='lat' dir='ltr'>te</span> <span class='ocrx_word' id='word_1_198' title='bbox 1186 3321 1219 3367; x_wconf 87' lang='lat' dir='ltr'>ut</span> <span class='ocrx_word' id='word_1_199' title='bbox 1230 3308 1395 3395; x_wconf 56' lang='lat' dir='ltr'>deterream,</span> 
     </span>
     <span class='ocr_line' id='line_1_28' title="bbox 562 3401 1318 3487; baseline 0.001 -25"><span class='ocrx_word' id='word_1_200' title='bbox 562 3403 624 3463; x_wconf 88' lang='lat' dir='ltr'>Me.</span> <span class='ocrx_word' id='word_1_201' title='bbox 635 3401 709 3463; x_wconf 90' lang='lat' dir='ltr'>Mihi</span> <span class='ocrx_word' id='word_1_202' title='bbox 720 3405 756 3463; x_wconf 90' lang='lat' dir='ltr'>fic</span> <span class='ocrx_word' id='word_1_203' title='bbox 765 3405 802 3464; x_wconf 87' lang='lat' dir='ltr'>est</span> <span class='ocrx_word' id='word_1_204' title='bbox 811 3407 891 3467; x_wconf 71' lang='lat' dir='ltr'>usuri</span> <span class='ocrx_word' id='word_1_205' title='bbox 905 3409 960 3468; x_wconf 89' lang='lat' dir='ltr'>tibi</span> <span class='ocrx_word' id='word_1_206' title='bbox 967 3423 1000 3469; x_wconf 92' lang='lat' dir='ltr'>ut</span> <span class='ocrx_word' id='word_1_207' title='bbox 1012 3431 1083 3487; x_wconf 80' lang='lat' dir='ltr'>opus</span> <span class='ocrx_word' id='word_1_208' title='bbox 1094 3404 1218 3475; x_wconf 59' lang='lat' dir='ltr'>fafito&#39;st,</span> <span class='ocrx_word' id='word_1_209' title='bbox 1232 3405 1302 3466; x_wconf 83' lang='lat' dir='ltr'>face.</span> <span class='ocrx_word' id='word_1_210' title='bbox 1313 3451 1318 3457; x_wconf 91' lang='lat'>.</span> 
     </span>
    </p>

    <p class='ocr_par' dir='ltr' id='par_1_18' title="bbox 560 3498 1434 3772">
     <span class='ocr_line' id='line_1_29' title="bbox 563 3498 1432 3587; baseline 0.003 -27"><span class='ocrx_word' id='word_1_211' title='bbox 563 3501 612 3560; x_wconf 88' lang='lat' dir='ltr'>Ch.</span> <span class='ocrx_word' id='word_1_212' title='bbox 622 3499 672 3578; x_wconf 91' lang='lat' dir='ltr'>An</span> <span class='ocrx_word' id='word_1_213' title='bbox 682 3499 813 3578; x_wconf 88' lang='lat' dir='ltr'>cuiquam</span> <span class='ocrx_word' id='word_1_214' title='bbox 822 3501 860 3560; x_wconf 85' lang='lat' dir='ltr'>est</span> <span class='ocrx_word' id='word_1_215' title='bbox 868 3503 931 3562; x_wconf 82' lang='lat' dir='ltr'>usus</span> <span class='ocrx_word' id='word_1_216' title='bbox 940 3502 1057 3572; x_wconf 90' lang='lat' dir='ltr'>homini,</span> <span class='ocrx_word' id='word_1_217' title='bbox 1066 3503 1093 3560; x_wconf 85' lang='lat' dir='ltr'>se</span> <span class='ocrx_word' id='word_1_218' title='bbox 1102 3517 1135 3560; x_wconf 87' lang='lat' dir='ltr'>ut</span> <span class='ocrx_word' id='word_1_219' title='bbox 1142 3498 1265 3558; x_wconf 82' lang='lat' dir='ltr'>cruciet?</span> <span class='ocrx_word' id='word_1_220' title='bbox 1277 3501 1338 3559; x_wconf 88' lang='lat' dir='ltr'>Me.</span> <span class='ocrx_word' id='word_1_221' title='bbox 1349 3501 1432 3587; x_wconf 46' lang='lat' dir='ltr'>Mihi,</span> 
     </span>
     <span class='ocr_line' id='line_1_30' title="bbox 564 3589 1434 3682; baseline 0.011 -29"><span class='ocrx_word' id='word_1_222' title='bbox 564 3589 612 3653; x_wconf 86' lang='lat' dir='ltr'>Ch.</span> <span class='ocrx_word' id='word_1_223' title='bbox 624 3591 653 3651; x_wconf 88' lang='lat' dir='ltr'>Si</span> <span class='ocrx_word' id='word_1_224' title='bbox 664 3593 732 3678; x_wconf 78' lang='lat' dir='ltr'>quid</span> <span class='ocrx_word' id='word_1_225' title='bbox 741 3591 844 3682; x_wconf 78' lang='lat' dir='ltr'>lahorin</span> <span class='ocrx_word' id='word_1_226' title='bbox 854 3597 901 3667; x_wconf 87' lang='lat' dir='ltr'>est,</span> <span class='ocrx_word' id='word_1_227' title='bbox 914 3595 1025 3658; x_wconf 87' lang='lat' dir='ltr'>nollem.</span> <span class='ocrx_word' id='word_1_228' title='bbox 1044 3597 1091 3657; x_wconf 85' lang='lat' dir='ltr'>sed</span> <span class='ocrx_word' id='word_1_229' title='bbox 1099 3597 1169 3681; x_wconf 78' lang='lat' dir='ltr'>quid</span> <span class='ocrx_word' id='word_1_230' title='bbox 1177 3597 1244 3656; x_wconf 86' lang='lat' dir='ltr'>istuc</span> <span class='ocrx_word' id='word_1_231' title='bbox 1253 3598 1319 3657; x_wconf 88' lang='lat' dir='ltr'>mali</span> <span class='ocrx_word' id='word_1_232' title='bbox 1327 3599 1375 3672; x_wconf 89' lang='lat' dir='ltr'>est,</span> <span class='ocrx_word' id='word_1_233' title='bbox 1395 3619 1434 3681; x_wconf 84' lang='lat'>30</span> 
     </span>
     <span class='ocr_line' id='line_1_31' title="bbox 560 3688 1310 3772; baseline 0.012 -28"><span class='ocrx_word' id='word_1_234' title='bbox 560 3688 691 3772; x_wconf 78' lang='lat' dir='ltr'>Qaeso?</span> <span class='ocrx_word' id='word_1_235' title='bbox 703 3689 773 3768; x_wconf 90' lang='lat' dir='ltr'>quid</span> <span class='ocrx_word' id='word_1_236' title='bbox 784 3691 818 3749; x_wconf 91' lang='lat' dir='ltr'>de</span> <span class='ocrx_word' id='word_1_237' title='bbox 827 3705 855 3750; x_wconf 83' lang='lat' dir='ltr'>te</span> <span class='ocrx_word' id='word_1_238' title='bbox 863 3707 974 3752; x_wconf 83' lang='lat' dir='ltr'>tantum</span> <span class='ocrx_word' id='word_1_239' title='bbox 982 3692 1122 3754; x_wconf 81' lang='lat' dir='ltr'>meruisti?</span> <span class='ocrx_word' id='word_1_240' title='bbox 1141 3693 1203 3753; x_wconf 77' lang='lat' dir='ltr'>Me.</span> <span class='ocrx_word' id='word_1_241' title='bbox 1213 3695 1310 3756; x_wconf 81' lang='lat' dir='ltr'>Eheu!</span> 
     </span>
    </p>

    <p class='ocr_par' dir='ltr' id='par_1_19' title="bbox 557 3778 1435 4056">
     <span class='ocr_line' id='line_1_32' title="bbox 562 3778 1435 3869; baseline 0.016 -32"><span class='ocrx_word' id='word_1_242' title='bbox 562 3783 610 3841; x_wconf 85' lang='lat' dir='ltr'>Cb.</span> <span class='ocrx_word' id='word_1_243' title='bbox 618 3778 661 3838; x_wconf 87' lang='lat' dir='ltr'>Ne</span> <span class='ocrx_word' id='word_1_244' title='bbox 670 3781 810 3843; x_wconf 83' lang='lat' dir='ltr'>lacruma:</span> <span class='ocrx_word' id='word_1_245' title='bbox 821 3799 907 3864; x_wconf 88' lang='lat' dir='ltr'>atque</span> <span class='ocrx_word' id='word_1_246' title='bbox 913 3787 991 3857; x_wconf 87' lang='lat' dir='ltr'>istuc,</span> <span class='ocrx_word' id='word_1_247' title='bbox 998 3787 1135 3866; x_wconf 88' lang='lat' dir='ltr'>quicquid</span> <span class='ocrx_word' id='word_1_248' title='bbox 1141 3788 1190 3858; x_wconf 88' lang='lat' dir='ltr'>est,</span> <span class='ocrx_word' id='word_1_249' title='bbox 1197 3789 1241 3850; x_wconf 87' lang='lat' dir='ltr'>fac</span> <span class='ocrx_word' id='word_1_250' title='bbox 1247 3812 1291 3855; x_wconf 86' lang='lat' dir='ltr'>me</span> <span class='ocrx_word' id='word_1_251' title='bbox 1296 3808 1329 3850; x_wconf 91' lang='lat' dir='ltr'>ut</span> <span class='ocrx_word' id='word_1_252' title='bbox 1337 3790 1435 3869; x_wconf 71' lang='lat' dir='ltr'>sciamr</span> 
     </span>
     <span class='ocr_line' id='line_1_33' title="bbox 559 3871 1419 3959; baseline 0.012 -27"><span class='ocrx_word' id='word_1_253' title='bbox 559 3871 604 3932; x_wconf 85' lang='lat' dir='ltr'>Ne</span> <span class='ocrx_word' id='word_1_254' title='bbox 614 3871 714 3933; x_wconf 79' lang='lat' dir='ltr'>retice:</span> <span class='ocrx_word' id='word_1_255' title='bbox 731 3898 764 3934; x_wconf 92' lang='lat' dir='ltr'>ne</span> <span class='ocrx_word' id='word_1_256' title='bbox 774 3899 881 3938; x_wconf 88' lang='lat' dir='ltr'>verere:</span> <span class='ocrx_word' id='word_1_257' title='bbox 898 3882 988 3950; x_wconf 87' lang='lat' dir='ltr'>crede,</span> <span class='ocrx_word' id='word_1_258' title='bbox 1004 3881 1128 3959; x_wconf 87' lang='lat' dir='ltr'>inquam,</span> <span class='ocrx_word' id='word_1_259' title='bbox 1139 3882 1219 3953; x_wconf 88' lang='lat' dir='ltr'>mihi,</span> <span class='ocrx_word' id='word_1_260' title='bbox 1416 3871 1419 3876; x_wconf 44' lang='grc'><em>’</em></span> 
     </span>
     <span class='ocr_line' id='line_1_34' title="bbox 557 3966 1353 4056; baseline 0.019 -31"><span class='ocrx_word' id='word_1_261' title='bbox 557 3966 624 4026; x_wconf 87' lang='lat' dir='ltr'>Aut</span> <span class='ocrx_word' id='word_1_262' title='bbox 634 3969 811 4048; x_wconf 83' lang='lat' dir='ltr'>consolando,</span> <span class='ocrx_word' id='word_1_263' title='bbox 826 3988 876 4034; x_wconf 86' lang='lat' dir='ltr'>aut</span> <span class='ocrx_word' id='word_1_264' title='bbox 888 3975 1013 4045; x_wconf 84' lang='lat' dir='ltr'>confilio,</span> <span class='ocrx_word' id='word_1_265' title='bbox 1027 3992 1114 4036; x_wconf 79' lang='lat' dir='ltr'>autre</span> <span class='ocrx_word' id='word_1_266' title='bbox 1122 3980 1231 4056; x_wconf 83' lang='lat' dir='ltr'>juvero.</span> <span class='ocrx_word' id='word_1_267' title='bbox 1349 4009 1353 4017; x_wconf 92' lang='lat'>·</span> 
     </span>
    </p>
   </div>
   <div class='ocr_carea' id='block_1_3' title="bbox 556 4025 1447 4162">
    <p class='ocr_par' dir='ltr' id='par_1_20' title="bbox 556 4025 1447 4162">
     <span class='ocr_line' id='line_1_35' title="bbox 556 4025 1447 4162; baseline 0.004 -40"><span class='ocrx_word' id='word_1_268' title='bbox 556 4065 618 4138; x_wconf 77' lang='lat' dir='ltr'>Me.</span> <span class='ocrx_word' id='word_1_269' title='bbox 628 4063 704 4136; x_wconf 83' lang='lat' dir='ltr'>Scire</span> <span class='ocrx_word' id='word_1_270' title='bbox 713 4067 831 4131; x_wconf 73' lang='lat' dir='ltr'>hocvis?</span> <span class='ocrx_word' id='word_1_271' title='bbox 842 4069 889 4130; x_wconf 86' lang='lat' dir='ltr'>Ch.</span> <span class='ocrx_word' id='word_1_272' title='bbox 898 4067 965 4130; x_wconf 87' lang='lat' dir='ltr'>Hac</span> <span class='ocrx_word' id='word_1_273' title='bbox 973 4069 1183 4154; x_wconf 75' lang='lat' dir='ltr'>quidemcauia,</span> <span class='ocrx_word' id='word_1_274' title='bbox 1190 4093 1246 4152; x_wconf 87' lang='lat' dir='ltr'>qua</span> <span class='ocrx_word' id='word_1_275' title='bbox 1253 4072 1312 4134; x_wconf 83' lang='lat' dir='ltr'>dixi</span> <span class='ocrx_word' id='word_1_276' title='bbox 1321 4074 1384 4156; x_wconf 60' lang='lat' dir='ltr'>tihi,</span> <span class='ocrx_word' id='word_1_277' title='bbox 1397 4025 1447 4162; x_wconf 44' lang='grc' dir='ltr'>π.-</span> 
     </span>
    </p>
   </div>
   <div class='ocr_carea' id='block_1_4' title="bbox 0 0 1854 5259">
    <p class='ocr_par' dir='ltr' id='par_1_21' title="bbox 0 0 1854 5259">
     <span class='ocr_line' id='line_1_36' title="bbox 0 0 1854 5259; baseline 0 5"><span class='ocrx_word' id='word_1_278' title='bbox 0 0 1854 5259; x_wconf 95' lang='lat' dir='ltr'> </span> 
     </span>
    </p>
   </div>
  </div>
 </body>
</html>
