<?xml version="1.0" encoding="UTF-8"?>
<!DOCTYPE html PUBLIC "-//W3C//DTD XHTML 1.0 Transitional//EN"
    "http://www.w3.org/TR/xhtml1/DTD/xhtml1-transitional.dtd">
<html xmlns="http://www.w3.org/1999/xhtml" xml:lang="en" lang="en">
 <head>
  <title>
</title>
<meta http-equiv="Content-Type" content="text/html;charset=utf-8" />
  <meta name='ocr-system' content='tesseract 3.04.00' />
  <meta name='ocr-capabilities' content='ocr_page ocr_carea ocr_par ocr_line ocrx_word'/>
</head>
<body>
  <div class='ocr_page' id='page_1' title='image "./publiiterentiia02teregoog_0079.png"; bbox 0 0 3700 5259; ppageno 0'>
   <div class='ocr_carea' id='block_1_1' title="bbox 546 807 1268 887">
    <p class='ocr_par' dir='ltr' id='par_1_1' title="bbox 546 807 1268 887">
     <span class='ocr_line' id='line_1_1' title="bbox 546 807 1268 887; baseline -0.003 -16"><span class='ocrx_word' id='word_1_1' title='bbox 546 820 809 871; x_wconf 75' lang='lat' dir='ltr'>acuusrn.</span> <span class='ocrx_word' id='word_1_2' title='bbox 857 807 1093 870; x_wconf 68' lang='lat' dir='ltr'>sennan</span> <span class='ocrx_word' id='word_1_3' title='bbox 1236 820 1268 887; x_wconf 72' lang='lat'>⁶9</span> 
     </span>
    </p>
   </div>
   <div class='ocr_carea' id='block_1_2' title="bbox 384 918 1270 4152">
    <p class='ocr_par' dir='ltr' id='par_1_2' title="bbox 389 918 1066 1011">
     <span class='ocr_line' id='line_1_2' title="bbox 389 918 1066 1011; baseline -0.01 -17"><span class='ocrx_word' id='word_1_4' title='bbox 389 932 485 1002; x_wconf 83' lang='lat' dir='ltr'>Dono,</span> <span class='ocrx_word' id='word_1_5' title='bbox 494 950 587 1011; x_wconf 90' lang='lat' dir='ltr'>quam</span> <span class='ocrx_word' id='word_1_6' title='bbox 598 932 649 991; x_wconf 79' lang='lat' dir='ltr'>aba</span> <span class='ocrx_word' id='word_1_7' title='bbox 660 945 689 990; x_wconf 87' lang='lat' dir='ltr'>te</span> <span class='ocrx_word' id='word_1_8' title='bbox 699 933 798 990; x_wconf 87' lang='lat' dir='ltr'>datum</span> <span class='ocrx_word' id='word_1_9' title='bbox 806 929 871 989; x_wconf 86' lang='lat' dir='ltr'>effe:</span> <span class='ocrx_word' id='word_1_10' title='bbox 884 918 916 989; x_wconf 81' lang='lat' dir='ltr'>&#39;id</span> <span class='ocrx_word' id='word_1_11' title='bbox 923 950 988 989; x_wconf 83' lang='lat' dir='ltr'>vero</span> <span class='ocrx_word' id='word_1_12' title='bbox 997 928 1066 987; x_wconf 87' lang='lat' dir='ltr'>serio</span> 
     </span>
    </p>

    <p class='ocr_par' dir='ltr' id='par_1_3' title="bbox 388 1024 1154 1105">
     <span class='ocr_line' id='line_1_3' title="bbox 388 1024 1154 1105; baseline -0.001 -21"><span class='ocrx_word' id='word_1_13' title='bbox 388 1026 576 1105; x_wconf 86' lang='lat' dir='ltr'>Triumphat.</span> <span class='ocrx_word' id='word_1_14' title='bbox 597 1030 654 1085; x_wconf 86' lang='lat' dir='ltr'>Pa.</span> <span class='ocrx_word' id='word_1_15' title='bbox 665 1026 734 1085; x_wconf 90' lang='lat' dir='ltr'>Huc</span> <span class='ocrx_word' id='word_1_16' title='bbox 744 1024 865 1105; x_wconf 86' lang='lat' dir='ltr'>proviso,</span> <span class='ocrx_word' id='word_1_17' title='bbox 873 1038 905 1084; x_wconf 85' lang='lat' dir='ltr'>ut</span> <span class='ocrx_word' id='word_1_18' title='bbox 913 1024 963 1083; x_wconf 87' lang='lat' dir='ltr'>ubi</span> <span class='ocrx_word' id='word_1_19' title='bbox 972 1038 1082 1103; x_wconf 77' lang='lat' dir='ltr'>tempus</span> <span class='ocrx_word' id='word_1_20' title='bbox 1093 1024 1154 1095; x_wconf 84' lang='lat' dir='ltr'>fiet,</span> 
     </span>
    </p>

    <p class='ocr_par' dir='ltr' id='par_1_4' title="bbox 388 1110 1267 1202">
     <span class='ocr_line' id='line_1_4' title="bbox 388 1110 1267 1202; baseline 0.005 -25"><span class='ocrx_word' id='word_1_21' title='bbox 388 1110 550 1179; x_wconf 83' lang='lat' dir='ltr'>Deducam.</span> <span class='ocrx_word' id='word_1_22' title='bbox 572 1120 722 1179; x_wconf 84' lang='lat' dir='ltr'>sedeccum</span> <span class='ocrx_word' id='word_1_23' title='bbox 731 1118 866 1177; x_wconf 82' lang='lat' dir='ltr'><strong>Militem.</strong></span> <span class='ocrx_word' id='word_1_24' title='bbox 889 1116 942 1178; x_wconf 75' lang='lat' dir='ltr'>Th.</span> <span class='ocrx_word' id='word_1_25' title='bbox 953 1118 1003 1177; x_wconf 88' lang='lat' dir='ltr'>Est</span> <span class='ocrx_word' id='word_1_26' title='bbox 1013 1118 1081 1179; x_wconf 83' lang='lat' dir='ltr'>istuc</span> <span class='ocrx_word' id='word_1_27' title='bbox 1089 1120 1188 1181; x_wconf 81' lang='lat' dir='ltr'>darum</span> <span class='ocrx_word' id='word_1_28' title='bbox 1251 1140 1267 1202; x_wconf 79' lang='grc' dir='ltr'><strong>ς</strong></span> 
     </span>
    </p>

    <p class='ocr_par' dir='ltr' id='par_1_5' title="bbox 388 1213 1125 1300">
     <span class='ocr_line' id='line_1_5' title="bbox 388 1213 1125 1300; baseline 0 -26"><span class='ocrx_word' id='word_1_29' title='bbox 388 1216 533 1288; x_wconf 68' lang='lat' dir='ltr'>Proseslo,</span> <span class='ocrx_word' id='word_1_30' title='bbox 544 1232 578 1277; x_wconf 85' lang='lat' dir='ltr'>nt</span> <span class='ocrx_word' id='word_1_31' title='bbox 587 1232 671 1300; x_wconf 85' lang='lat' dir='ltr'>grata</span> <span class='ocrx_word' id='word_1_32' title='bbox 684 1217 754 1276; x_wconf 85' lang='lat' dir='ltr'>mihi</span> <span class='ocrx_word' id='word_1_33' title='bbox 766 1216 829 1285; x_wconf 74' lang='lat' dir='ltr'>sunt,</span> <span class='ocrx_word' id='word_1_34' title='bbox 842 1234 917 1293; x_wconf 85' lang='lat' dir='ltr'>quac</span> <span class='ocrx_word' id='word_1_35' title='bbox 927 1213 1011 1285; x_wconf 86' lang='lat' dir='ltr'>facio,</span> <span class='ocrx_word' id='word_1_36' title='bbox 1022 1214 1125 1274; x_wconf 87' lang='lat' dir='ltr'>omnia.</span> 
     </span>
    </p>

    <p class='ocr_par' dir='ltr' id='par_1_6' title="bbox 389 1307 1268 1388">
     <span class='ocr_line' id='line_1_6' title="bbox 389 1307 1268 1388; baseline 0.006 -20"><span class='ocrx_word' id='word_1_37' title='bbox 389 1310 820 1369; x_wconf 73' lang='lat' dir='ltr'>(lmAdvortihercleanimum.</span> <span class='ocrx_word' id='word_1_38' title='bbox 844 1307 1268 1388; x_wconf 77' lang='lat' dir='ltr'>Th.Velrexsempermaxumat</span> 
     </span>
    </p>

    <p class='ocr_par' dir='ltr' id='par_1_7' title="bbox 389 1404 1122 1489">
     <span class='ocr_line' id='line_1_7' title="bbox 389 1404 1122 1489; baseline 0.004 -25"><span class='ocrx_word' id='word_1_39' title='bbox 389 1405 462 1464; x_wconf 83' lang='lat' dir='ltr'>Mihi</span> <span class='ocrx_word' id='word_1_40' title='bbox 470 1408 591 1489; x_wconf 86' lang='lat' dir='ltr'>agebat,</span> <span class='ocrx_word' id='word_1_41' title='bbox 606 1407 746 1487; x_wconf 87' lang='lat' dir='ltr'>quidquid</span> <span class='ocrx_word' id='word_1_42' title='bbox 756 1406 891 1465; x_wconf 75' lang='lat' dir='ltr'>secerame</span> <span class='ocrx_word' id='word_1_43' title='bbox 906 1404 968 1463; x_wconf 83' lang='lat' dir='ltr'>aliia</span> <span class='ocrx_word' id='word_1_44' title='bbox 980 1425 1035 1463; x_wconf 93' lang='lat' dir='ltr'>non</span> <span class='ocrx_word' id='word_1_45' title='bbox 1045 1404 1122 1467; x_wconf 85' lang='lat' dir='ltr'>item.</span> 
     </span>
    </p>

    <p class='ocr_par' dir='ltr' id='par_1_8' title="bbox 391 1498 1069 1590">
     <span class='ocr_line' id='line_1_8' title="bbox 391 1498 1069 1590; baseline -0.004 -29"><span class='ocrx_word' id='word_1_46' title='bbox 391 1500 443 1561; x_wconf 71' lang='lat' dir='ltr'>Gr.</span> <span class='ocrx_word' id='word_1_47' title='bbox 452 1500 573 1580; x_wconf 63' lang='lat' dir='ltr'>Labore</span> <span class='ocrx_word' id='word_1_48' title='bbox 581 1500 673 1559; x_wconf 87' lang='lat' dir='ltr'>alieno</span> <span class='ocrx_word' id='word_1_49' title='bbox 682 1521 814 1590; x_wconf 82' lang='lat' dir='ltr'>magnam</span> <span class='ocrx_word' id='word_1_50' title='bbox 824 1513 935 1579; x_wconf 82' lang='lat' dir='ltr'>partam</span> <span class='ocrx_word' id='word_1_51' title='bbox 948 1498 1069 1580; x_wconf 79' lang='lat' dir='ltr'>gloriam</span> 
     </span>
    </p>

    <p class='ocr_par' dir='ltr' id='par_1_9' title="bbox 390 1594 1270 1676">
     <span class='ocr_line' id='line_1_9' title="bbox 390 1594 1270 1676; baseline 0.008 -24"><span class='ocrx_word' id='word_1_52' title='bbox 390 1595 489 1654; x_wconf 65' lang='lat' dir='ltr'>vernis</span> <span class='ocrx_word' id='word_1_53' title='bbox 499 1596 584 1676; x_wconf 74' lang='lat' dir='ltr'>saepe</span> <span class='ocrx_word' id='word_1_54' title='bbox 595 1596 624 1654; x_wconf 90' lang='lat' dir='ltr'>in</span> <span class='ocrx_word' id='word_1_55' title='bbox 635 1595 662 1657; x_wconf 90' lang='lat' dir='ltr'>se</span> <span class='ocrx_word' id='word_1_56' title='bbox 672 1595 854 1665; x_wconf 79' lang='lat' dir='ltr'>transmovet,</span> <span class='ocrx_word' id='word_1_57' title='bbox 865 1594 915 1671; x_wconf 86' lang='lat' dir='ltr'>qui</span> <span class='ocrx_word' id='word_1_58' title='bbox 923 1594 1009 1653; x_wconf 86' lang='lat' dir='ltr'>habet</span> <span class='ocrx_word' id='word_1_59' title='bbox 1022 1594 1117 1668; x_wconf 87' lang='lat' dir='ltr'>salem,</span> <span class='ocrx_word' id='word_1_60' title='bbox 1231 1619 1270 1661; x_wconf 85' lang='lat'>10</span> 
     </span>
    </p>

    <p class='ocr_par' dir='ltr' id='par_1_10' title="bbox 390 1678 1266 1847">
     <span class='ocr_line' id='line_1_10' title="bbox 390 1678 1266 1778; baseline 0.007 -27"><span class='ocrx_word' id='word_1_61' title='bbox 390 1690 516 1773; x_wconf 77' lang='lat' dir='ltr'>Qlodu&#39;n</span> <span class='ocrx_word' id='word_1_62' title='bbox 528 1706 559 1749; x_wconf 89' lang='lat' dir='ltr'>te</span> <span class='ocrx_word' id='word_1_63' title='bbox 568 1692 617 1750; x_wconf 84' lang='lat' dir='ltr'>est.</span> <span class='ocrx_word' id='word_1_64' title='bbox 651 1691 703 1751; x_wconf 77' lang='lat' dir='ltr'>Th.</span> <span class='ocrx_word' id='word_1_65' title='bbox 717 1678 828 1778; x_wconf 64' lang='lat' dir='ltr'>lIabes.</span> <span class='ocrx_word' id='word_1_66' title='bbox 861 1692 915 1749; x_wconf 88' lang='lat' dir='ltr'>Gn.</span> <span class='ocrx_word' id='word_1_67' title='bbox 930 1691 992 1749; x_wconf 86' lang='lat' dir='ltr'>Rex</span> <span class='ocrx_word' id='word_1_68' title='bbox 1003 1704 1031 1749; x_wconf 87' lang='lat' dir='ltr'>te</span> <span class='ocrx_word' id='word_1_69' title='bbox 1045 1712 1114 1775; x_wconf 88' lang='lat' dir='ltr'>ergo</span> <span class='ocrx_word' id='word_1_70' title='bbox 1126 1694 1154 1755; x_wconf 77' lang='lat' dir='ltr'>sn</span> <span class='ocrx_word' id='word_1_71' title='bbox 1168 1695 1266 1758; x_wconf 84' lang='lat' dir='ltr'>oculis.</span> 
     </span>
     <span class='ocr_line' id='line_1_11' title="bbox 511 1785 704 1847; baseline 0.005 -2"><span class='ocrx_word' id='word_1_72' title='bbox 511 1785 566 1845; x_wconf 82' lang='lat' dir='ltr'>Th.</span> <span class='ocrx_word' id='word_1_73' title='bbox 578 1785 704 1847; x_wconf 87' lang='lat' dir='ltr'>Scilicet.</span> 
     </span>
    </p>

    <p class='ocr_par' dir='ltr' id='par_1_11' title="bbox 393 1880 1180 1956">
     <span class='ocr_line' id='line_1_12' title="bbox 393 1880 1180 1956; baseline 0.008 -19"><span class='ocrx_word' id='word_1_74' title='bbox 393 1880 444 1937; x_wconf 88' lang='lat' dir='ltr'>Gn.</span> <span class='ocrx_word' id='word_1_75' title='bbox 455 1880 580 1941; x_wconf 86' lang='lat' dir='ltr'>Gellire.</span> <span class='ocrx_word' id='word_1_76' title='bbox 603 1880 655 1941; x_wconf 77' lang='lat' dir='ltr'>Th.</span> <span class='ocrx_word' id='word_1_77' title='bbox 667 1882 758 1948; x_wconf 78' lang='lat' dir='ltr'>Vero:</span> <span class='ocrx_word' id='word_1_78' title='bbox 770 1880 882 1941; x_wconf 78' lang='lat' dir='ltr'>credere</span> <span class='ocrx_word' id='word_1_79' title='bbox 895 1902 1006 1941; x_wconf 89' lang='lat' dir='ltr'>omnem</span> <span class='ocrx_word' id='word_1_80' title='bbox 1016 1884 1180 1956; x_wconf 87' lang='lat' dir='ltr'>exercitum,</span> 
     </span>
    </p>

    <p class='ocr_par' dir='ltr' id='par_1_12' title="bbox 393 1956 1154 2040">
     <span class='ocr_line' id='line_1_13' title="bbox 393 1956 1154 2040; baseline 0.009 -9"><span class='ocrx_word' id='word_1_81' title='bbox 393 1956 520 2035; x_wconf 82' lang='lat' dir='ltr'>Confilia.</span> <span class='ocrx_word' id='word_1_82' title='bbox 545 1978 602 2035; x_wconf 84' lang='lat' dir='ltr'>Gn.</span> <span class='ocrx_word' id='word_1_83' title='bbox 612 1974 730 2033; x_wconf 85' lang='lat' dir='ltr'><strong>Mirum.</strong></span> <span class='ocrx_word' id='word_1_84' title='bbox 754 1971 805 2032; x_wconf 82' lang='lat' dir='ltr'>Th.</span> <span class='ocrx_word' id='word_1_85' title='bbox 816 1972 989 2040; x_wconf 81' lang='lat' dir='ltr'>Tumficubi</span> <span class='ocrx_word' id='word_1_86' title='bbox 1000 1975 1154 2039; x_wconf 84' lang='lat' dir='ltr'>eumsatiae</span> 
     </span>
    </p>

    <p class='ocr_par' dir='ltr' id='par_1_13' title="bbox 392 2066 1137 2153">
     <span class='ocr_line' id='line_1_14' title="bbox 392 2066 1137 2153; baseline 0.003 -26"><span class='ocrx_word' id='word_1_87' title='bbox 392 2067 563 2153; x_wconf 56' lang='lat' dir='ltr'>Hominum.</span> <span class='ocrx_word' id='word_1_88' title='bbox 576 2082 626 2127; x_wconf 90' lang='lat' dir='ltr'>ant</span> <span class='ocrx_word' id='word_1_89' title='bbox 636 2069 735 2149; x_wconf 73' lang='lat' dir='ltr'>negoti</span> <span class='ocrx_word' id='word_1_90' title='bbox 748 2066 892 2145; x_wconf 77' lang='lat' dir='ltr'>siquando</span> <span class='ocrx_word' id='word_1_91' title='bbox 900 2066 996 2125; x_wconf 88' lang='lat' dir='ltr'>odium</span> <span class='ocrx_word' id='word_1_92' title='bbox 1010 2083 1137 2146; x_wconf 78' lang='lat' dir='ltr'><strong>ceperat:</strong></span> 
     </span>
    </p>

    <p class='ocr_par' dir='ltr' id='par_1_14' title="bbox 395 2157 1266 2251">
     <span class='ocr_line' id='line_1_15' title="bbox 395 2157 1266 2251; baseline 0.009 -33"><span class='ocrx_word' id='word_1_93' title='bbox 395 2160 578 2239; x_wconf 84' lang='lat' dir='ltr'>Requiescere</span> <span class='ocrx_word' id='word_1_94' title='bbox 588 2160 638 2219; x_wconf 91' lang='lat' dir='ltr'>ubi</span> <span class='ocrx_word' id='word_1_95' title='bbox 648 2160 777 2229; x_wconf 77' lang='lat' dir='ltr'>volebat-3</span> <span class='ocrx_word' id='word_1_96' title='bbox 792 2157 878 2237; x_wconf 81' lang='lat' dir='ltr'>quafi.</span> <span class='ocrx_word' id='word_1_97' title='bbox 900 2158 1017 2219; x_wconf 69' lang='lat' dir='ltr'>nostin?</span> <span class='ocrx_word' id='word_1_98' title='bbox 1039 2164 1092 2225; x_wconf 83' lang='lat' dir='ltr'>Gn.</span> <span class='ocrx_word' id='word_1_99' title='bbox 1106 2164 1185 2224; x_wconf 87' lang='lat' dir='ltr'>Scio:</span> <span class='ocrx_word' id='word_1_100' title='bbox 1234 2188 1266 2251; x_wconf 73' lang='grc' dir='ltr'>ις</span> 
     </span>
    </p>

    <p class='ocr_par' dir='ltr' id='par_1_15' title="bbox 392 2252 1268 2340">
     <span class='ocr_line' id='line_1_16' title="bbox 392 2252 1268 2340; baseline 0.01 -27"><span class='ocrx_word' id='word_1_101' title='bbox 392 2255 476 2340; x_wconf 79' lang='lat' dir='ltr'>Qasr</span> <span class='ocrx_word' id='word_1_102' title='bbox 488 2254 540 2314; x_wconf 89' lang='lat' dir='ltr'>ubi</span> <span class='ocrx_word' id='word_1_103' title='bbox 549 2254 626 2316; x_wconf 90' lang='lat' dir='ltr'>illam</span> <span class='ocrx_word' id='word_1_104' title='bbox 635 2252 777 2331; x_wconf 80' lang='lat' dir='ltr'>exspueret</span> <span class='ocrx_word' id='word_1_105' title='bbox 786 2252 923 2332; x_wconf 87' lang='lat' dir='ltr'>miseriam</span> <span class='ocrx_word' id='word_1_106' title='bbox 934 2256 1079 2325; x_wconf 78' lang='lat' dir='ltr'>exanimo.</span> <span class='ocrx_word' id='word_1_107' title='bbox 1103 2256 1153 2318; x_wconf 82' lang='lat' dir='ltr'>Th.</span> <span class='ocrx_word' id='word_1_108' title='bbox 1163 2258 1268 2322; x_wconf 86' lang='lat' dir='ltr'>Tenes.</span> 
     </span>
    </p>

    <p class='ocr_par' dir='ltr' id='par_1_16' title="bbox 393 2347 1179 2425">
     <span class='ocr_line' id='line_1_17' title="bbox 393 2347 1179 2425; baseline 0.011 -19"><span class='ocrx_word' id='word_1_109' title='bbox 393 2347 466 2409; x_wconf 85' lang='lat' dir='ltr'>Tum</span> <span class='ocrx_word' id='word_1_110' title='bbox 476 2374 521 2409; x_wconf 92' lang='lat' dir='ltr'>me</span> <span class='ocrx_word' id='word_1_111' title='bbox 533 2353 679 2411; x_wconf 72' lang='lat' dir='ltr'>convivam</span> <span class='ocrx_word' id='word_1_112' title='bbox 688 2352 775 2411; x_wconf 90' lang='lat' dir='ltr'>solum</span> <span class='ocrx_word' id='word_1_113' title='bbox 784 2352 942 2413; x_wconf 86' lang='lat' dir='ltr'>abducebat</span> <span class='ocrx_word' id='word_1_114' title='bbox 952 2352 1012 2425; x_wconf 85' lang='lat' dir='ltr'>fibi.</span> <span class='ocrx_word' id='word_1_115' title='bbox 1036 2356 1090 2419; x_wconf 76' lang='lat' dir='ltr'>Gn·</span> <span class='ocrx_word' id='word_1_116' title='bbox 1101 2355 1179 2419; x_wconf 85' lang='lat' dir='ltr'>Hui!</span> 
     </span>
    </p>

    <p class='ocr_par' dir='ltr' id='par_1_17' title="bbox 393 2433 1173 2531">
     <span class='ocr_line' id='line_1_18' title="bbox 393 2433 1173 2531; baseline 0.005 -28"><span class='ocrx_word' id='word_1_117' title='bbox 393 2441 500 2528; x_wconf 85' lang='lat' dir='ltr'>Regem</span> <span class='ocrx_word' id='word_1_118' title='bbox 511 2448 672 2531; x_wconf 83' lang='lat' dir='ltr'>elegantem</span> <span class='ocrx_word' id='word_1_119' title='bbox 684 2433 789 2530; x_wconf 69' lang='lat' dir='ltr'>narrar.</span> <span class='ocrx_word' id='word_1_120' title='bbox 812 2446 863 2505; x_wconf 79' lang='lat' dir='ltr'>Th.</span> <span class='ocrx_word' id='word_1_121' title='bbox 876 2449 968 2507; x_wconf 91' lang='lat' dir='ltr'>Immo</span> <span class='ocrx_word' id='word_1_122' title='bbox 978 2448 1014 2507; x_wconf 78' lang='lat' dir='ltr'>stc</span> <span class='ocrx_word' id='word_1_123' title='bbox 1024 2450 1110 2510; x_wconf 87' lang='lat' dir='ltr'>homo</span> <span class='ocrx_word' id='word_1_124' title='bbox 1119 2450 1173 2514; x_wconf 80' lang='lat' dir='ltr'>est:</span> 
     </span>
    </p>

    <p class='ocr_par' dir='ltr' id='par_1_18' title="bbox 392 2538 1249 2620">
     <span class='ocr_line' id='line_1_19' title="bbox 392 2538 1249 2620; baseline 0.011 -23"><span class='ocrx_word' id='word_1_125' title='bbox 392 2538 601 2620; x_wconf 80' lang='lat' dir='ltr'>Perpaucorum</span> <span class='ocrx_word' id='word_1_126' title='bbox 609 2542 763 2601; x_wconf 81' lang='lat' dir='ltr'>hominum.</span> <span class='ocrx_word' id='word_1_127' title='bbox 786 2545 844 2603; x_wconf 85' lang='lat' dir='ltr'>Gn.</span> <span class='ocrx_word' id='word_1_128' title='bbox 855 2544 948 2601; x_wconf 89' lang='lat' dir='ltr'>Immo</span> <span class='ocrx_word' id='word_1_129' title='bbox 955 2543 1104 2617; x_wconf 86' lang='lat' dir='ltr'>nullorum,</span> <span class='ocrx_word' id='word_1_130' title='bbox 1115 2545 1249 2619; x_wconf 83' lang='lat' dir='ltr'>arbitror,</span> 
     </span>
    </p>

    <p class='ocr_par' dir='ltr' id='par_1_19' title="bbox 394 2624 1269 2707">
     <span class='ocr_line' id='line_1_20' title="bbox 394 2624 1269 2707; baseline 0.011 -16"><span class='ocrx_word' id='word_1_131' title='bbox 394 2633 423 2691; x_wconf 87' lang='lat' dir='ltr'>si</span> <span class='ocrx_word' id='word_1_132' title='bbox 432 2648 528 2697; x_wconf 88' lang='lat' dir='ltr'>tecum</span> <span class='ocrx_word' id='word_1_133' title='bbox 537 2636 614 2695; x_wconf 86' lang='lat' dir='ltr'>vivit.</span> <span class='ocrx_word' id='word_1_134' title='bbox 638 2635 689 2696; x_wconf 58' lang='lat' dir='ltr'>uh.</span> <span class='ocrx_word' id='word_1_135' title='bbox 703 2638 831 2697; x_wconf 83' lang='lat' dir='ltr'>Invidere</span> <span class='ocrx_word' id='word_1_136' title='bbox 840 2660 936 2697; x_wconf 77' lang='lat' dir='ltr'>omnen</span> <span class='ocrx_word' id='word_1_137' title='bbox 946 2638 1031 2701; x_wconf 78' lang='lat' dir='ltr'>mihit</span> <span class='ocrx_word' id='word_1_138' title='bbox 1087 2624 1090 2630; x_wconf 19' lang='grc' dir='ltr'><strong>Δ</strong></span> <span class='ocrx_word' id='word_1_139' title='bbox 1229 2664 1269 2707; x_wconf 83' lang='lat'>20</span> 
     </span>
    </p>

    <p class='ocr_par' dir='ltr' id='par_1_20' title="bbox 384 2720 1079 2811">
     <span class='ocr_line' id='line_1_21' title="bbox 384 2720 1079 2811; baseline 0.012 -26"><span class='ocrx_word' id='word_1_140' title='bbox 384 2724 523 2804; x_wconf 19' lang='lat' dir='ltr'>“Mordere</span> <span class='ocrx_word' id='word_1_141' title='bbox 535 2729 708 2802; x_wconf 78' lang='lat' dir='ltr'>clanculum:</span> <span class='ocrx_word' id='word_1_142' title='bbox 723 2750 779 2811; x_wconf 89' lang='lat' dir='ltr'>ego</span> <span class='ocrx_word' id='word_1_143' title='bbox 792 2752 847 2791; x_wconf 92' lang='lat' dir='ltr'>non</span> <span class='ocrx_word' id='word_1_144' title='bbox 859 2720 1079 2811; x_wconf 82' lang='lat' dir='ltr'>floccipendere.</span> 
     </span>
    </p>

    <p class='ocr_par' dir='ltr' id='par_1_21' title="bbox 395 2810 1077 2900">
     <span class='ocr_line' id='line_1_22' title="bbox 395 2810 1077 2900; baseline 0.009 -20"><span class='ocrx_word' id='word_1_145' title='bbox 395 2823 440 2882; x_wconf 87' lang='lat' dir='ltr'>Illi</span> <span class='ocrx_word' id='word_1_146' title='bbox 451 2825 579 2885; x_wconf 83' lang='lat' dir='ltr'>invidere</span> <span class='ocrx_word' id='word_1_147' title='bbox 590 2824 697 2887; x_wconf 81' lang='lat' dir='ltr'>misere.</span> <span class='ocrx_word' id='word_1_148' title='bbox 717 2824 812 2900; x_wconf 80' lang='lat' dir='ltr'>verum</span> <span class='ocrx_word' id='word_1_149' title='bbox 823 2846 894 2889; x_wconf 79' lang='lat' dir='ltr'>unua</span> <span class='ocrx_word' id='word_1_150' title='bbox 905 2840 1000 2892; x_wconf 87' lang='lat' dir='ltr'>tamen</span> <span class='ocrx_word' id='word_1_151' title='bbox 1075 2810 1077 2816; x_wconf 26' lang='grc' dir='ltr'>Ι</span> 
     </span>
    </p>

    <p class='ocr_par' dir='ltr' id='par_1_22' title="bbox 396 2917 1105 3001">
     <span class='ocr_line' id='line_1_23' title="bbox 396 2917 1105 3001; baseline 0.007 -27"><span class='ocrx_word' id='word_1_152' title='bbox 396 2917 533 2997; x_wconf 84' lang='lat' dir='ltr'>Impense,</span> <span class='ocrx_word' id='word_1_153' title='bbox 545 2919 701 2999; x_wconf 83' lang='lat' dir='ltr'>elephantis</span> <span class='ocrx_word' id='word_1_154' title='bbox 712 2940 796 2995; x_wconf 87' lang='lat' dir='ltr'>quem</span> <span class='ocrx_word' id='word_1_155' title='bbox 808 2918 913 2977; x_wconf 81' lang='lat' dir='ltr'>Indicia</span> <span class='ocrx_word' id='word_1_156' title='bbox 924 2920 1105 3001; x_wconf 80' lang='lat' dir='ltr'>praefecerat.</span> 
     </span>
    </p>

    <p class='ocr_par' dir='ltr' id='par_1_23' title="bbox 395 3010 1199 3095">
     <span class='ocr_line' id='line_1_24' title="bbox 395 3010 1199 3095; baseline 0.002 -22"><span class='ocrx_word' id='word_1_157' title='bbox 395 3010 424 3073; x_wconf 81' lang='lat' dir='ltr'>ln</span> <span class='ocrx_word' id='word_1_158' title='bbox 432 3014 480 3071; x_wconf 89' lang='lat' dir='ltr'>ubi</span> <span class='ocrx_word' id='word_1_159' title='bbox 490 3013 624 3073; x_wconf 83' lang='lat' dir='ltr'>molestus</span> <span class='ocrx_word' id='word_1_160' title='bbox 637 3012 728 3093; x_wconf 88' lang='lat' dir='ltr'>magis</span> <span class='ocrx_word' id='word_1_161' title='bbox 739 3014 793 3073; x_wconf 85' lang='lat' dir='ltr'>est:</span> <span class='ocrx_word' id='word_1_162' title='bbox 809 3013 922 3091; x_wconf 80' lang='lat' dir='ltr'>quaeso,</span> <span class='ocrx_word' id='word_1_163' title='bbox 934 3012 1059 3092; x_wconf 85' lang='lat' dir='ltr'>inquam,</span> <span class='ocrx_word' id='word_1_164' title='bbox 1070 3016 1178 3095; x_wconf 70' lang='lat' dir='ltr'>Strato,</span> <span class='ocrx_word' id='word_1_165' title='bbox 1196 3042 1199 3047; x_wconf 91' lang='lat'>·</span> 
     </span>
    </p>

    <p class='ocr_par' dir='ltr' id='par_1_24' title="bbox 396 3106 1266 3195">
     <span class='ocr_line' id='line_1_25' title="bbox 396 3106 1266 3195; baseline 0.015 -32"><span class='ocrx_word' id='word_1_166' title='bbox 396 3106 472 3167; x_wconf 85' lang='lat' dir='ltr'>Eone</span> <span class='ocrx_word' id='word_1_167' title='bbox 482 3134 512 3170; x_wconf 84' lang='lat' dir='ltr'>es</span> <span class='ocrx_word' id='word_1_168' title='bbox 524 3110 613 3179; x_wconf 88' lang='lat' dir='ltr'>serox,</span> <span class='ocrx_word' id='word_1_169' title='bbox 627 3111 693 3189; x_wconf 91' lang='lat' dir='ltr'>quia</span> <span class='ocrx_word' id='word_1_170' title='bbox 704 3112 789 3170; x_wconf 81' lang='lat' dir='ltr'>habea</span> <span class='ocrx_word' id='word_1_171' title='bbox 800 3112 949 3190; x_wconf 86' lang='lat' dir='ltr'>imperium</span> <span class='ocrx_word' id='word_1_172' title='bbox 960 3111 988 3168; x_wconf 92' lang='lat' dir='ltr'>in</span> <span class='ocrx_word' id='word_1_173' title='bbox 999 3110 1125 3172; x_wconf 80' lang='lat' dir='ltr'>belluas?</span> <span class='ocrx_word' id='word_1_174' title='bbox 1173 3106 1174 3111; x_wconf 8' lang='grc' dir='ltr'>ἵ</span> <span class='ocrx_word' id='word_1_175' title='bbox 1229 3136 1266 3195; x_wconf 81' lang='lat'>25</span> 
     </span>
    </p>

    <p class='ocr_par' dir='ltr' id='par_1_25' title="bbox 399 3205 1184 3289">
     <span class='ocr_line' id='line_1_26' title="bbox 399 3205 1184 3289; baseline 0.014 -28"><span class='ocrx_word' id='word_1_176' title='bbox 399 3205 449 3264; x_wconf 88' lang='lat' dir='ltr'>Gn.</span> <span class='ocrx_word' id='word_1_177' title='bbox 459 3208 581 3267; x_wconf 86' lang='lat' dir='ltr'>Pulchre</span> <span class='ocrx_word' id='word_1_178' title='bbox 594 3208 731 3267; x_wconf 87' lang='lat' dir='ltr'>mehercle</span> <span class='ocrx_word' id='word_1_179' title='bbox 741 3209 858 3277; x_wconf 68' lang='lat' dir='ltr'>dissum,</span> <span class='ocrx_word' id='word_1_180' title='bbox 873 3223 901 3267; x_wconf 88' lang='lat' dir='ltr'>et</span> <span class='ocrx_word' id='word_1_181' title='bbox 912 3208 1059 3287; x_wconf 85' lang='lat' dir='ltr'>sapienter.</span> <span class='ocrx_word' id='word_1_182' title='bbox 1080 3215 1184 3289; x_wconf 83' lang='lat' dir='ltr'>papae!</span> 
     </span>
    </p>

    <p class='ocr_par' dir='ltr' id='par_1_26' title="bbox 397 3300 1145 3383">
     <span class='ocr_line' id='line_1_27' title="bbox 397 3300 1145 3383; baseline 0.011 -26"><span class='ocrx_word' id='word_1_183' title='bbox 397 3300 544 3383; x_wconf 73' lang='lat' dir='ltr'>jugularae</span> <span class='ocrx_word' id='word_1_184' title='bbox 556 3304 706 3363; x_wconf 87' lang='lat' dir='ltr'>homlnem.</span> <span class='ocrx_word' id='word_1_185' title='bbox 728 3304 797 3382; x_wconf 85' lang='lat' dir='ltr'>quid</span> <span class='ocrx_word' id='word_1_186' title='bbox 810 3303 875 3363; x_wconf 82' lang='lat' dir='ltr'>ille?</span> <span class='ocrx_word' id='word_1_187' title='bbox 896 3303 948 3363; x_wconf 79' lang='lat' dir='ltr'>Th.</span> <span class='ocrx_word' id='word_1_188' title='bbox 960 3306 1059 3365; x_wconf 82' lang='lat' dir='ltr'>Mutus</span> <span class='ocrx_word' id='word_1_189' title='bbox 1070 3306 1145 3365; x_wconf 83' lang='lat' dir='ltr'>ilico.</span> 
     </span>
    </p>

    <p class='ocr_par' dir='ltr' id='par_1_27' title="bbox 399 3394 1269 3572">
     <span class='ocr_line' id='line_1_28' title="bbox 399 3394 1267 3485; baseline 0.014 -33"><span class='ocrx_word' id='word_1_190' title='bbox 399 3394 449 3481; x_wconf 58' lang='lat' dir='ltr'>(ln.</span> <span class='ocrx_word' id='word_1_191' title='bbox 460 3398 571 3485; x_wconf 79' lang='lat' dir='ltr'>Qidni</span> <span class='ocrx_word' id='word_1_192' title='bbox 582 3399 664 3457; x_wconf 79' lang='lat' dir='ltr'>esset?</span> <span class='ocrx_word' id='word_1_193' title='bbox 683 3402 739 3458; x_wconf 85' lang='lat' dir='ltr'>Pa.</span> <span class='ocrx_word' id='word_1_194' title='bbox 748 3398 801 3457; x_wconf 84' lang='lat' dir='ltr'>Dii</span> <span class='ocrx_word' id='word_1_195' title='bbox 811 3400 930 3459; x_wconf 87' lang='lat' dir='ltr'>vostram</span> <span class='ocrx_word' id='word_1_196' title='bbox 939 3401 1038 3459; x_wconf 85' lang='lat' dir='ltr'>fidem!</span> <span class='ocrx_word' id='word_1_197' title='bbox 1056 3402 1267 3481; x_wconf 79' lang='lat' dir='ltr'>hominempet·¹</span> 
     </span>
     <span class='ocr_line' id='line_1_29' title="bbox 514 3494 1269 3572; baseline 0.005 -21"><span class='ocrx_word' id='word_1_198' title='bbox 514 3494 605 3552; x_wconf 82' lang='lat' dir='ltr'>ditum</span> <span class='ocrx_word' id='word_1_199' title='bbox 748 3527 751 3535; x_wconf 85' lang='lat'><em>·</em></span> <span class='ocrx_word' id='word_1_200' title='bbox 1191 3496 1269 3572; x_wconf 85' lang='lat' dir='ltr'>[tho,</span> 
     </span>
    </p>

    <p class='ocr_par' dir='ltr' id='par_1_28' title="bbox 399 3580 1266 3678">
     <span class='ocr_line' id='line_1_30' title="bbox 399 3580 1266 3678; baseline 0.006 -36"><span class='ocrx_word' id='word_1_201' title='bbox 399 3580 594 3667; x_wconf 85' lang='lat' dir='ltr'>Miserumque‚</span> <span class='ocrx_word' id='word_1_202' title='bbox 607 3606 636 3649; x_wconf 89' lang='lat' dir='ltr'>et</span> <span class='ocrx_word' id='word_1_203' title='bbox 645 3591 725 3649; x_wconf 86' lang='lat' dir='ltr'>illurn</span> <span class='ocrx_word' id='word_1_204' title='bbox 738 3590 912 3673; x_wconf 75' lang='lat' dir='ltr'>sacrilegum.</span> <span class='ocrx_word' id='word_1_205' title='bbox 938 3592 988 3651; x_wconf 81' lang='lat' dir='ltr'>Th.</span> <span class='ocrx_word' id='word_1_206' title='bbox 998 3592 1081 3678; x_wconf 81' lang='lat' dir='ltr'>Qid</span> <span class='ocrx_word' id='word_1_207' title='bbox 1089 3592 1169 3663; x_wconf 88' lang='lat' dir='ltr'>illud,</span> <span class='ocrx_word' id='word_1_208' title='bbox 1186 3595 1266 3655; x_wconf 87' lang='lat' dir='ltr'>Gna.</span> 
     </span>
    </p>

    <p class='ocr_par' dir='ltr' id='par_1_29' title="bbox 400 3679 1267 3772">
     <span class='ocr_line' id='line_1_31' title="bbox 400 3679 1267 3772; baseline 0.01 -33"><span class='ocrx_word' id='word_1_209' title='bbox 400 3679 463 3761; x_wconf 59' lang='lat' dir='ltr'>(Quo</span> <span class='ocrx_word' id='word_1_210' title='bbox 476 3688 561 3764; x_wconf 64' lang='lat' dir='ltr'>paslo</span> <span class='ocrx_word' id='word_1_211' title='bbox 574 3688 718 3746; x_wconf 85' lang='lat' dir='ltr'>Rhodium</span> <span class='ocrx_word' id='word_1_212' title='bbox 726 3687 869 3769; x_wconf 83' lang='lat' dir='ltr'>tetigerim</span> <span class='ocrx_word' id='word_1_213' title='bbox 878 3688 905 3746; x_wconf 89' lang='lat' dir='ltr'>in</span> <span class='ocrx_word' id='word_1_214' title='bbox 917 3689 1056 3760; x_wconf 85' lang='lat' dir='ltr'>convivio,</span> <span class='ocrx_word' id='word_1_215' title='bbox 1229 3714 1267 3772; x_wconf 83' lang='lat'>3⁰</span> 
     </span>
    </p>

    <p class='ocr_par' dir='ltr' id='par_1_30' title="bbox 401 3770 1236 3859">
     <span class='ocr_line' id='line_1_32' title="bbox 401 3770 1236 3859; baseline 0.014 -25"><span class='ocrx_word' id='word_1_216' title='bbox 401 3770 532 3858; x_wconf 78' lang='lat' dir='ltr'>Nunquid</span> <span class='ocrx_word' id='word_1_217' title='bbox 540 3783 594 3841; x_wconf 86' lang='lat' dir='ltr'>tibi</span> <span class='ocrx_word' id='word_1_218' title='bbox 604 3782 681 3841; x_wconf 86' lang='lat' dir='ltr'>dixi?</span> <span class='ocrx_word' id='word_1_219' title='bbox 703 3785 757 3842; x_wconf 85' lang='lat' dir='ltr'>Gn.</span> <span class='ocrx_word' id='word_1_220' title='bbox 770 3782 937 3859; x_wconf 84' lang='lat' dir='ltr'>Nunquam:</span> <span class='ocrx_word' id='word_1_221' title='bbox 953 3782 1000 3839; x_wconf 87' lang='lat' dir='ltr'>sed</span> <span class='ocrx_word' id='word_1_222' title='bbox 1010 3803 1101 3855; x_wconf 84' lang='lat' dir='ltr'>narra,</span> <span class='ocrx_word' id='word_1_223' title='bbox 1113 3786 1236 3846; x_wconf 82' lang='lat' dir='ltr'>obsecro.</span> 
     </span>
    </p>

    <p class='ocr_par' dir='ltr' id='par_1_31' title="bbox 402 3866 1013 3940">
     <span class='ocr_line' id='line_1_33' title="bbox 402 3866 1013 3940; baseline -0.002 -4"><span class='ocrx_word' id='word_1_224' title='bbox 402 3866 463 3931; x_wconf 72' lang='lat' dir='ltr'>Plus</span> <span class='ocrx_word' id='word_1_225' title='bbox 472 3878 571 3939; x_wconf 81' lang='lat' dir='ltr'>millies</span> <span class='ocrx_word' id='word_1_226' title='bbox 582 3880 685 3940; x_wconf 84' lang='lat' dir='ltr'>audivi.</span> <span class='ocrx_word' id='word_1_227' title='bbox 709 3879 760 3940; x_wconf 79' lang='lat' dir='ltr'>Th.</span> <span class='ocrx_word' id='word_1_228' title='bbox 774 3882 840 3940; x_wconf 90' lang='lat' dir='ltr'>Una</span> <span class='ocrx_word' id='word_1_229' title='bbox 849 3879 876 3936; x_wconf 92' lang='lat' dir='ltr'>in</span> <span class='ocrx_word' id='word_1_230' title='bbox 885 3876 1013 3935; x_wconf 87' lang='lat' dir='ltr'>convivio</span> 
     </span>
    </p>

    <p class='ocr_par' dir='ltr' id='par_1_32' title="bbox 404 3960 1092 4052">
     <span class='ocr_line' id='line_1_34' title="bbox 404 3960 1092 4052; baseline 0.015 -27"><span class='ocrx_word' id='word_1_231' title='bbox 404 3960 469 4026; x_wconf 85' lang='lat' dir='ltr'>Erat</span> <span class='ocrx_word' id='word_1_232' title='bbox 476 3973 532 4043; x_wconf 84' lang='lat' dir='ltr'>hic,</span> <span class='ocrx_word' id='word_1_233' title='bbox 544 3996 628 4052; x_wconf 88' lang='lat' dir='ltr'>quem</span> <span class='ocrx_word' id='word_1_234' title='bbox 637 3975 711 4043; x_wconf 90' lang='lat' dir='ltr'>dico,</span> <span class='ocrx_word' id='word_1_235' title='bbox 726 3974 854 4032; x_wconf 75' lang='lat' dir='ltr'>Rhodius</span> <span class='ocrx_word' id='word_1_236' title='bbox 863 3971 1092 4035; x_wconf 83' lang='lat' dir='ltr'>adolescentulus.</span> 
     </span>
    </p>

    <p class='ocr_par' dir='ltr' id='par_1_33' title="bbox 404 4055 1065 4152">
     <span class='ocr_line' id='line_1_35' title="bbox 404 4055 1065 4152; baseline 0.008 -28"><span class='ocrx_word' id='word_1_237' title='bbox 404 4055 483 4126; x_wconf 70' lang='lat' dir='ltr'>Forte</span> <span class='ocrx_word' id='word_1_238' title='bbox 495 4071 581 4130; x_wconf 88' lang='lat' dir='ltr'>habui</span> <span class='ocrx_word' id='word_1_239' title='bbox 591 4070 728 4137; x_wconf 76' lang='lat' dir='ltr'>scortum:</span> <span class='ocrx_word' id='word_1_240' title='bbox 744 4071 837 4152; x_wconf 85' lang='lat' dir='ltr'>coepit</span> <span class='ocrx_word' id='word_1_241' title='bbox 848 4071 922 4129; x_wconf 87' lang='lat' dir='ltr'>adid</span> <span class='ocrx_word' id='word_1_242' title='bbox 933 4068 1065 4143; x_wconf 83' lang='lat' dir='ltr'>alludere,</span> 
     </span>
    </p>
   </div>
   <div class='ocr_carea' id='block_1_3' title="bbox 0 0 1871 5259">
    <p class='ocr_par' dir='ltr' id='par_1_34' title="bbox 0 0 1871 5259">
     <span class='ocr_line' id='line_1_36' title="bbox 0 0 1871 5259; baseline 0 0"><span class='ocrx_word' id='word_1_243' title='bbox 0 0 1871 5259; x_wconf 95' lang='lat' dir='ltr'> </span> 
     </span>
    </p>
   </div>
  </div>
 </body>
</html>
