3700 5259
528 838 561 890 μ
789 815 1103 868 educendo
1224 822 1227 828 ·

527 935 584 994 Pa.
593 927 694 1004 Atque
703 923 772 982 haec
784 923 833 1002 qui
848 922 931 994 mifit,
945 945 1001 982 non
1015 923 1067 984 fibi
1079 921 1130 982 soli
1142 921 1264 1004 postulat

526 1029 572 1088 Te
582 1025 682 1092 vivere,
696 1034 726 1080 et
735 1019 782 1078 sua
796 1020 878 1080 eausa
888 1020 999 1080 excludi
1012 1033 1146 1079 caeteros.

527 1122 627 1197 Neque
641 1129 751 1198 pugnat
767 1127 871 1184 narrat,
886 1135 976 1192 neque
983 1105 1128 1174 cicatrices
1139 1115 1200 1174 suae

527 1215 673 1274 Ostentat:
691 1230 780 1288 oeque
792 1207 845 1268 tibi
855 1208 957 1279 obstat,
971 1209 1050 1286 quod
1059 1209 1175 1286 quidem
1187 1209 1271 1269 facite
1364 1219 1410 1286 30

526 1313 632 1370 Verum
641 1308 689 1368 ubi
700 1306 844 1366 molestum
856 1304 984 1374 nouerit,
998 1304 1048 1363 ubi
1057 1317 1091 1363 tu
1100 1304 1187 1374 volco,
1391 1307 1395 1315 ’

526 1403 587 1465 Ubi
598 1417 708 1482 tempus
718 1401 771 1460 tibi
783 1400 846 1470 erit,
861 1401 902 1460 sat
911 1401 1009 1470 habet,
1023 1402 1114 1459 situm
1125 1400 1269 1480 recipitur·

528 1499 596 1560 Thr.
607 1498 740 1576 Apparet
753 1495 860 1555 servum
870 1497 945 1556 hunc
954 1497 1005 1556 effe
1017 1496 1262 1576 domioipauperit

526 1583 688 1670 Miseriqrie·
714 1593 772 1651 Gn·
783 1591 858 1650 Nam
866 1591 959 1652 hercle
969 1614 1051 1652 nemo
1061 1593 1157 1672 podet,
1171 1592 1212 1651 sat
1222 1591 1290 1662 scio,

525 1688 586 1774 Qi
599 1687 725 1755 haberet,
740 1684 789 1763 qui
800 1686 1019 1764 parentalium,
1034 1689 1109 1748 hunc
1121 1687 1240 1768 perpeti.
1364 1697 1407 1766 35

526 1788 583 1847 Pa.
594 1783 673 1844 Tace
684 1796 728 1852 tu,
742 1801 827 1859 quem
835 1801 890 1862 ego
901 1781 953 1840 effe
964 1781 1036 1841 infra
1044 1782 1155 1841 intimos
1165 1782 1272 1842 omneis
1282 1793 1354 1861 puto
1369 1817 1375 1828 ·

527 1881 685 1940 Homineee
700 1877 822 1956 namqui
836 1876 901 1936 huic
912 1877 1036 1938 animum
1046 1877 1173 1938 affentari
1183 1876 1335 1946 induxeris,

430 1969 432 1975 ⁸
526 1976 553 2035 E
565 1977 676 2034 flamma
685 1987 778 2052 petere
788 1985 816 2030 te
828 1970 922 2029 cibum
932 1972 1006 2050 poffe
1016 1970 1148 2029 arbitror.

528 2069 596 2131 Thr.
607 2071 706 2145 Jamne
718 2067 808 2126 imus?
837 2063 888 2126 Th.
900 2065 968 2126 Hor
984 2065 1061 2148 priuo
1079 2066 1266 2135 introducam,
1282 2076 1313 2122 et
1330 2081 1410 2141 quae

648 2159 723 2230 volo,

528 2257 616 2318 Simul
630 2257 790 2338 imperabo:
805 2255 866 2335 post
876 2256 1012 2316 continuo
1022 2277 1100 2317 exeo.
1363 2270 1410 2332 4ο

528 2353 596 2414 Thr.
609 2354 675 2437 Ego
689 2352 754 2412 hinc
767 2353 848 2423 abeo,
863 2365 896 2412 tu
910 2352 989 2413 istam
1001 2353 1141 2432 opperire.
1163 2355 1219 2412 Pa.
1230 2350 1321 2411 Haud
1334 2371 1407 2409 con·

649 2463 725 2509 vemt

527 2548 595 2606 Una
605 2545 644 2604 ire
654 2567 718 2604 curn
730 2544 819 2606 amica
828 2544 1026 2624 imperatorem
1035 2540 1064 2602 in
1076 2537 1131 2603 via·

529 2637 597 2699 Thr.
606 2639 687 2724 Qid
696 2640 750 2698 tibi
759 2661 814 2722 ego
825 2640 914 2700 multa
922 2633 1031 2698 dicam?
1049 2635 1156 2696 domiui
1165 2629 1259 2696 fimilir
1270 2657 1310 2696 er.=
1472 2705 1478 2713 ⁴

528 2734 583 2798 Gn.
597 2732 659 2802 Ha,
673 2733 720 2802 ha,
734 2733 780 2792 he.
803 2733 871 2794 Thr.
879 2732 961 2818 Qid
973 2732 1063 2792 rideo?
1084 2734 1139 2792 Gn.
1153 2731 1228 2791 Istuc
1241 2735 1320 2812 quod
1332 2729 1409 2792 dixti

522 2833 555 2860 ⁸·
647 2830 748 2888 modor

527 2916 568 2983 Et
577 2921 647 2981 illud
660 2924 694 2981 de
708 2922 823 2982 Rhodio
837 2923 944 2982 dietum
955 2923 984 2981 in
995 2938 1117 2983 mentem
1127 2923 1212 2983 venit.
1363 2945 1405 3004 45

527 3021 584 3079 Sed
592 3020 682 3080 Thais
693 3021 761 3080 exit.
785 3022 852 3080 Thr.
862 3020 925 3078 Abi
937 3041 1014 3098 prae,
1026 3040 1115 3088 curre,
1124 3034 1158 3077 ut
1167 3019 1220 3078 fint
1230 3019 1308 3080 domi

526 3115 639 3174 Parata.
662 3119 717 3176 Gn.
729 3117 803 3175 Fiat.
827 3115 878 3176 Th.
890 3116 1064 3199 Diligenter,
1074 3117 1204 3195 Pythias,

527 3207 584 3265 Fac
593 3229 683 3280 cures,
694 3212 714 3270 sr
728 3211 861 3270 Chremes
872 3211 928 3269 huc
939 3210 1012 3269 forte
1026 3209 1177 3279 advenerit,

526 3303 570 3361 Ut
579 3325 652 3374 ores,
662 3304 784 3382 primum
795 3318 826 3363 ut
837 3318 962 3363 maneat:
975 3306 995 3362 fi
1006 3306 1037 3364 id
1047 3327 1102 3363 oon
1113 3306 1292 3365 commodum
1300 3307 1350 3378 est,

525 3395 570 3456 Ut
584 3398 693 3458 redeat:
707 3397 765 3457 fiid
775 3419 829 3456 non
840 3399 956 3476 poterit,
965 3400 1002 3456 ad
1011 3417 1055 3458 me
1065 3399 1207 3459 adducito.
1364 3417 1406 3483 50

526 3493 578 3567 Py.
589 3493 636 3552 Ita
649 3495 758 3554 faciam.
783 3492 833 3553 Th.
843 3493 941 3580 Qid?
953 3494 1023 3572 quid
1031 3497 1108 3555 aliud
1116 3497 1192 3556 volui
1201 3496 1314 3557 dicere?

526 3582 628 3655 Ehem,
643 3602 739 3648 curate
748 3588 827 3647 istam
838 3587 989 3668 diligenter
999 3588 1150 3672 virginem:

526 3679 616 3740 Domi
625 3683 828 3755 adfitis,facite.
852 3681 1043 3744 Thr.Eamue.
1067 3681 1184 3746 TbaVoe
1193 3707 1238 3746 me
1246 3685 1404 3767 sequimini.
