3700 5259
569 799 618 864 ²5⁶
820 793 1194 850 PHoRMlm

570 913 612 972 Et
627 907 676 986 qui
689 918 841 990 cognatum
852 924 896 962 me
907 903 958 962 fibi
971 905 1022 962 effe
1034 906 1149 966 diceret.

572 1011 625 1068 Pl.
636 1005 756 1066 Proinde
776 998 927 1078 expiscare,
949 1001 1026 1078 quah
1046 1023 1102 1058 non
1122 1001 1218 1061 noller.
1250 989 1303 1064 Der
1315 992 1439 1066 Nollem?

686 1103 738 1160 Ph·
752 1099 807 1158 Ita·
1402 1123 1436 1184 ὃς

569 1188 623 1258 De.
636 1199 703 1280 Ego
712 1217 755 1254 me
769 1215 858 1276 negor
874 1205 917 1263 tu,
933 1192 983 1270 qui
996 1192 1048 1263 aia,
1062 1192 1159 1276 redige
1172 1193 1201 1252 in
1216 1197 1385 1257 memoriam.
1449 1211 1454 1215 '

569 1293 622 1350 Pl.
636 1291 715 1350 Eho!
731 1303 764 1348 tu
774 1287 915 1346 sobrinum
926 1300 1008 1344 tuum
1019 1309 1074 1344 non
1089 1289 1190 1346 noras?
1203 1289 1257 1348 De.
1271 1289 1389 1352 Enicas:

567 1388 626 1448 Dic
633 1407 742 1444 nomen.
758 1383 811 1442 Pb.
823 1383 952 1442 Nomen?
964 1405 1104 1444 maxume.
1119 1386 1172 1444 Det
1179 1387 1260 1477 Qid
1268 1409 1341 1448 nunc
1347 1389 1438 1447 taces?

567 1485 620 1544 Ph.
632 1477 707 1542 Perii
720 1477 827 1536 hercle!
853 1498 953 1534 nomen
966 1477 1085 1555 perdidit
1110 1482 1164 1540 De.
1175 1483 1269 1544 Hem!
1299 1487 1370 1564 quid
1382 1487 1439 1545 aial

687 1575 742 1634 Pl.
753 1573 840 1640 Geta,
1287 1639 1293 1648 ,
1430 1653 1433 1659 1

566 1673 597 1732 Si
608 1669 753 1731 meministi
764 1668 794 1726 id
807 1667 886 1745 quod
898 1667 967 1724 olim
980 1666 1087 1727 dietum
1096 1668 1144 1740 elit
1155 1670 1270 1750 subjice.
1282 1675 1362 1735 hem!
1397 1696 1437 1754 40

564 1768 630 1828 Non
639 1766 712 1834 dico!
733 1762 809 1844 quasa
821 1783 877 1818 non
888 1761 974 1830 noris,
989 1774 1129 1820 tentatum
1139 1765 1262 1824 advenis.

565 1864 619 1922 De.¹
631 1863 734 1944 Egone
747 1873 840 1918 autem
854 1857 952 1914 tento?
963 1847 965 1850 ¹
975 1857 1022 1915 Ge.
1035 1857 1159 1937 Stilpho.
1184 1860 1238 1919 Pb.
1248 1859 1351 1940 Atque
1367 1864 1435 1922 adeo

685 1956 756 2034 quid
768 1954 850 2012 mea?
1425 1983 1430 1988 v

561 2054 676 2134 Stilpho
689 2054 737 2112 est.
758 2054 812 2112 De.
822 2052 916 2134 Qem
930 2048 1020 2109 dixti?
1040 2051 1093 2132 ph.
1107 2051 1295 2132 Stilphonem,
1309 2054 1435 2133 inquam,

674 2147 810 2207 noveras?

560 2243 613 2302 De.
623 2242 724 2319 Neque
734 2261 789 2322 ego
802 2237 882 2296 illum
893 2260 1007 2298 noram:
1023 2260 1114 2317 neque
1127 2232 1197 2300 mihi
1209 2256 1350 2323 cognatus
1360 2241 1417 2302 fuit

557 2336 809 2424 Qisquamillhoc
818 2334 938 2392 nomine.
954 2336 1008 2393 Ph.
1016 2335 1115 2393 Itane?
1127 2349 1218 2394 nonte
1224 2338 1325 2398 horum
1329 2340 1438 2418 pudet?

557 2434 632 2492 Atfi
647 2432 784 2491 talentdm
799 2451 856 2488 rem
871 2416 1022 2506 reliquillet
1034 2430 1139 2488 decem.
1394 2439 1435 2514 46
1555 2450 1556 2453 ’

558 2529 612 2588 De.
623 2527 666 2586 Dr
679 2525 733 2586 tibi
747 2523 949 2583 malefaciant!
967 2524 1020 2582 Ph.
1030 2523 1142 2585 Primua
1153 2522 1229 2598 effer,
1238 2533 1403 2595 memoriter

557 2620 725 2701 Progeniem
735 2619 851 2677 vostram
862 2616 949 2694 usque
959 2618 995 2675 ab
1010 2639 1064 2676 avo
1078 2633 1163 2697 atque
1174 2637 1257 2682 atavo
1265 2626 1421 2704 proierens.

557 2719 610 2778 De.
623 2715 669 2772 Ita
679 2727 712 2774 ut
724 2712 805 2772 dicio.
826 2734 881 2792 ego
893 2726 953 2768 tum
964 2712 984 2768 fi
995 2712 1171 2783 advenissem,
1186 2717 1236 2794 qui
1250 2720 1321 2778 mihi

556 2811 688 2891 Cognata
697 2830 729 2867 ea
740 2807 814 2878 ellct,
825 2807 956 2866 dicerem.
977 2805 1075 2866 itidem
1089 2821 1121 2866 tu
1132 2808 1202 2870 face.
1397 2840 1436 2900 50

556 2901 1435 2983 Cedo,quiestcognata?Ge.Eu,noster!redle=heustulcave.
1554 2974 1555 3003 p

556 2999 609 3056 Ph.
623 2995 756 3055 Dilucide
770 2993 913 3074 expedivi3
929 2994 1032 3071 quibua
1043 3018 1088 3055 me
1098 3000 1227 3076 oportuit

554 3089 710 3168 Judicibue.
731 3102 803 3160 tum,
818 3091 836 3148 fi
851 3089 987 3147 idfalsum
996 3089 1098 3158 fuerat,
1111 3092 1185 3151 filius

554 3185 614 3244 Cur
628 3205 683 3242 non
696 3179 817 3243 refellit?
837 3183 890 3241 De.
902 3182 1006 3242 Filium
1017 3205 1112 3241 narras
1126 3185 1226 3244 mihil.
1420 3237 1425 3245 .

553 3281 641 3359 Cujus
652 3281 687 3340 de
695 3277 812 3340 stultitia
822 3275 888 3345 dici,
903 3291 936 3335 ut
945 3272 1064 3358 dignum
1074 3276 1123 3345 est,
1138 3299 1193 3336 non
1207 3279 1307 3358 potest.
1391 3303 1433 3366 55

553 3377 607 3434 Pb.
618 3374 665 3434 At
677 3387 720 3441 tu,
735 3371 784 3450 qui
798 3370 904 3449 sapiens
916 3391 957 3437 es,
971 3368 1149 3450 magillratua
1163 3371 1225 3440 adi;

551 3466 693 3544 Judicium
703 3465 738 3524 de
748 3465 844 3524 eadem
854 3462 936 3524 causa
944 3463 1046 3522 iterum
1060 3477 1093 3522 ut
1101 3467 1219 3524 reddant
1232 3467 1301 3527 tihi:

549 3561 794 3644 Quandoquidem
801 3558 872 3618 solus
887 3579 1005 3639 regnam
1021 3573 1049 3618 et
1060 3559 1109 3618 soli
1119 3561 1187 3620 licet

552 3652 612 3712 Hic
623 3657 658 3714 de
672 3657 767 3714 eadem
781 3651 861 3712 causa
871 3651 1060 3730 biajudicium
1069 3653 1223 3732 adipiscier.

551 3752 605 3811 De.
618 3751 678 3810 Etfi
688 3748 1002 3825 mihifadlainjuria'st‚
1017 3763 1206 3806 verumtamen
1354 3821 1358 3825 ‚
1389 3756 1435 3816 60

550 3845 661 3917 Potina,
675 3868 760 3925 quam
773 3845 836 3904 lites
849 3843 945 3915 seiher,
960 3858 1009 3903 ant
1023 3866 1108 3922 quam
1119 3857 1147 3902 te
1161 3843 1283 3915 audiam,

550 3944 654 4002 Itidem
665 3955 697 4001 ut
707 3955 829 4023 cognata
842 3943 917 4011 sr'srt,
931 3942 962 4000 id
975 3944 1053 4021 quod
1066 3943 1111 4002 lex
1120 3943 1204 4021 jubet
1277 3937 1279 3940 ’

549 4035 658 4096 Dotem
671 4035 748 4104 dare,
763 4033 869 4094 abduce
883 4033 972 4106 hanc;
987 4035 1076 4096 minas
1089 4034 1214 4114 quinque
1224 4035 1328 4118 accipe.
