3700 5259
841 810 1161 871 EUNUCHUS.

709 959 906 1048 Acu'us
940 977 984 1036 11.
1027 981 1223 1043 scENA
1254 975 1320 1048 ΠΙὀ

729 1083 984 1164 'enixum
1019 1115 1258 1174 PARMENo.

913 1244 1101 1288 cumu-

506 1334 509 1338 ’
566 1331 755 1395 OCCIDI.

565 1432 665 1508 Neque
684 1429 765 1510 virgo
785 1425 822 1485 est
835 1424 968 1502 usquam:
991 1437 1082 1505 neque
1096 1450 1163 1511 ego,
1185 1433 1237 1511 qui
1259 1436 1342 1499 illam
1356 1463 1372 1500 e
1386 1465 1455 1503 con.

686 1524 781 1602 [Ρεᾶιι
793 1520 867 1578 amisi
878 1541 950 1578 meo.
1264 1535 1269 1544 '

564 1621 625 1683 Ubi
640 1619 790 1700 quaeram?
810 1615 858 1674 ubi
874 1606 1054 1697 investigem?
1074 1640 1159 1697 quem
1173 1633 1347 1702 perconter?
1367 1655 1455 1713 quam

684 1715 802 1774 infissam
817 1711 909 1769 viam?

506 1873 514 1892 ,
563 1813 692 1874 Incertus
704 1811 779 1870 sum:
802 1829 857 1868 una
871 1808 940 1866 haec
957 1806 1018 1886 spes
1031 1808 1086 1880 est3
1109 1811 1221 1874 ubiubi
1236 1818 1286 1892 est,
1306 1822 1357 1883 diu
1367 1826 1454 1885 celari

684 1928 738 1964 non
750 1905 850 1984 potest.
1415 1973 1418 1978 ³

562 2000 702 2064 ‘Ofaciem
716 2001 878 2080 pulchram!
902 1998 983 2080 deleo
997 2021 1093 2060 omnes
1108 2005 1211 2066 dehinc
1225 2029 1259 2068 ex
1275 2013 1374 2074 animo
1387 2039 1451 2077 mu·

683 2099 789 2172 liereS„
1430 2133 1450 2192 5

451 2197 454 2204 '
560 2190 671 2252 Taedet
682 2191 885 2250 cotidianarum
896 2190 996 2248 harum
1006 2190 1170 2256 formarum.
1194 2203 1252 2258 Pa.
1265 2201 1343 2263 Ecce
1352 2189 1451 2267 auteni

681 2287 809 2345 alterum.
959 2349 962 2354 ,

558 2381 659 2443 Nescio
674 2383 742 2461 quid
755 2383 789 2458 de
804 2401 897 2438 amore
910 2381 1048 2459 loquitur.
1070 2407 1088 2441 ο
1103 2386 1309 2450 infortunatum
1322 2395 1437 2458 senem?

559 2478 620 2536 Hic
632 2501 695 2535 uero
706 2475 753 2548 est,
770 2476 846 2554 quifi
862 2467 1014 2554 occeperit,
1029 2477 1127 2537 ludum
1136 2483 1293 2562 jocumque
1307 2489 1385 2550 dices

558 2567 648 2634 Fuiffe
657 2571 736 2629 illum
746 2571 875 2639 alterum,
890 2586 990 2648 praeut
999 2574 1081 2651 hujus
1094 2576 1185 2635 rabies
1201 2601 1274 2656 quae
1283 2583 1376 2646 dabit.
1436 2599 1440 2603 '

559 2668 608 2738 ch.
618 2669 662 2727 Ut
680 2666 761 2725 illum
775 2667 818 2724 Di
834 2663 971 2742 Deaequ'e
986 2667 1091 2727 senium
1111 2675 1243 2750 perdant,
1265 2668 1315 2755 qui
1330 2704 1376 2741 me
1390 2684 1445 2744 ho·

677 2760 722 2823 die
731 2774 886 2822 remoratus
901 2759 954 2819 est:
1407 2802 1446 2842 10

555 2863 663 2942 Meque
674 2860 754 2926 ade0,
767 2853 816 2934 qui
825 2853 989 2914 restiterim:
1011 2870 1073 2917 tum
1085 2862 1191 2934 autem,
1204 2867 1254 2945 qui
1263 2869 1344 2930 illum
1359 2876 1445 2937 flocci

594 2969 597 2974 '
676 2955 798 3014 fecerim.

555 3054 717 3134 Sedleccum
733 3053 945 3109 Parmenonem.
967 3046 1049 3106 salve.
1079 3053 1136 3110 Pa.
1150 3055 1233 3140 Qid
1242 3073 1275 3118 tu
1289 3082 1318 3120 es
1332 3065 1445 3128 tristis?

677 3147 778 3224 quidve
789 3145 827 3202 est
841 3143 956 3201 alacris?

554 3243 639 3306 Unde
653 3241 693 3300 is?
716 3244 763 3302 Ch.
775 3241 895 3322 Egone?
916 3239 1008 3298 nescio
1024 3239 1149 3314 hercule,
1164 3265 1256 3326 neque
1274 3255 1350 3312 unde
1364 3277 1440 3331 eam,

676 3337 765 3416 neque
780 3335 912 3414 quorsum
927 3358 998 3394 eam.

554 3439 602 3499 Ita
615 3436 742 3517 prorsum
756 3432 861 3492 oblitus
876 3431 935 3490 sum
946 3433 1011 3492 mei.

553 3537 609 3594 Pa.
618 3535 689 3613 Qui,
698 3527 817 3622 quaeso?
839 3527 984 3586 Ch.Am0.
1007 3531 1063 3588 Pa.
1077 3527 1171 3589 Hem!
1197 3533 1245 3593 Ch.
1257 3535 1353 3610 Nunc,
1365 3539 1436 3600 Par·

674 3646 766 3693 mem,
778 3637 806 3681 te
820 3622 956 3693 ostendes,
971 3623 1020 3701 qui
1031 3623 1072 3681 vir
1085 3624 1145 3682 fies.
1399 3655 1410 3694 1
1416 3656 1436 3715 ς

457 3789 459 3794 Ι
552 3723 613 3785 Scis
625 3735 653 3780 te
661 3719 729 3778 mihi
741 3719 819 3797 saepe
827 3717 985 3796 uiollicitum
993 3720 1060 3790 effe3
1075 3721 1332 3802 Chaerea‚aliquid
1342 3727 1437 3790 inveni

551 3812 642 3880 Modo
656 3817 734 3896 quod
744 3837 833 3874 ames:
853 3814 882 3873 in
894 3838 925 3875 ea
939 3839 968 3877 re
979 3817 1132 3878 utilitatem
1141 3842 1197 3903 ego
1208 3819 1312 3881 faciam
1321 3840 1353 3884 ut
1362 3849 1433 3914 cog-

674 3911 768 3970 noscas
783 3933 888 3972 meam:
1236 3928 1239 3932 “

549 4011 623 4100 Cum
638 4007 666 4068 in
677 4007 806 4068 cellulam
816 4009 852 4066 ad
865 4023 893 4068 te
902 4011 991 4090 patris
1001 4033 1105 4092 penum
1116 4020 1229 4075 omnem'
1239 4019 1433 4100 congerebam

671 4103 839 4164 clanculum.
1345 4101 1348 4106 ’

1563 1230 1565 1251 Ι

1563 1280 1565 1295 ι

1563 1309 1565 1327 Ι

1563 1330 1565 1351 Ι

1563 1726 1565 1752 Ι

1563 3758 1565 3773 Ι
