3700 5259
567 808 603 857 54
845 798 1160 851 auuucflun

567 908 701 967 Colacem
713 908 764 967 else
773 906 866 967 Naevi
880 920 910 967 et
921 905 1028 979 Plauti,
1043 920 1166 969 ueterem
1176 908 1317 973 fabulam:
1411 934 1449 996 25

567 1004 685 1065 Parasiti
695 1004 842 1084 personam
853 1004 917 1063 inde
929 1003 1054 1063 ablatam
1067 1018 1097 1063 et
1106 1006 1214 1069 militis.

566 1099 598 1159 Si
608 1099 639 1157 id
651 1097 689 1155 est
698 1109 856 1177 peccatum,
868 1110 1015 1177 peccatum
1025 1097 1214 1179 imprudentia
1222 1102 1256 1167 'll

564 1194 687 1255 Poetae:
705 1215 761 1253 non
775 1193 826 1273 qui
839 1193 947 1253 furtum
961 1193 1052 1253 sacere
1066 1195 1212 1259 studuerit.

566 1290 604 1348 Id
612 1289 653 1347 ita
664 1289 726 1359 elle,
742 1310 793 1347 voa
803 1290 864 1369 jam
873 1288 1001 1369 judicare
1011 1290 1152 1369 poteritis.
1560 1294 1564 1381 l

564 1381 655 1442 Colax
666 1380 817 1441 Menandri
830 1383 884 1441 est:
901 1381 931 1441 in
942 1405 974 1443 ea
988 1384 1027 1443 est
1041 1388 1179 1465 parafitus
1190 1386 1292 1459 Colax,
1410 1408 1450 1469 30

564 1477 606 1542 Et
618 1476 697 1537 milen
710 1477 866 1561 gloriosusr
887 1500 935 1537 eaa
948 1476 975 1537 sc
987 1500 1042 1539 non
1052 1496 1138 1565 negat
1150 1507 1170 1539 ·.
1559 1440 1564 1545 l

564 1573 700 1633 Personas
712 1572 877 1633 transtulisse
890 1573 918 1631 in
931 1575 1102 1637 Eunuchum
1115 1577 1193 1636 suam

564 1667 612 1727 Ex
624 1668 744 1727 Graeca.
774 1665 876 1725 sedeas
892 1665 1003 1729 fabulas
1014 1669 1104 1731 saetas
1115 1670 1193 1751 prius

566 1763 697 1832 Latinas,
709 1761 781 1821 scisse
793 1760 857 1830 sese,
871 1761 902 1823 id
916 1774 1141 1849 verovpernegat.

563 1860 654 1947 Qud
665 1856 817 1938 sipersonis
828 1856 925 1915 iisdem
934 1859 978 1917 uti
987 1860 1048 1919 aliia
1060 1880 1115 1919 non
1126 1860 1208 1919 licetr

563 1959 626 2044 Qi
637 1957 729 2039 magis
742 1956 819 2027 licet,
830 1968 973 2015 currentes
986 1958 1088 2017 Servor
1098 1957 1226 2026 scribere,

565 2051 660 2125 Bonas
675 2054 824 2114 Matronae
832 2050 935 2122 lacere,
950 2048 1114 2111 Meretricer
1129 2052 1228 2121 malae,

565 2146 723 2205 Parasitum
734 2148 858 2217 edacem,
870 2144 1036 2205 Gloriosum
1047 2140 1182 2215 Militem,

563 2236 686 2301 Puerum
695 2240 824 2321 supponi,
834 2240 894 2299 salli
905 2263 956 2320 per
966 2240 1085 2299 Servum
1095 2242 1206 2311 Senem,

563 2339 683 2409 Amare,
698 2336 791 2407 odisse,
805 2336 955 2414 suspicari?
968 2336 1089 2415 denique
1125 2376 1129 2383 ·
1365 2400 1366 2407 χ
1411 2402 1415 2408 ,

563 2436 683 2497 Nullum
697 2436 735 2495 est
743 2437 804 2514 jam
815 2433 933 2504 dietum,
944 2434 1021 2511 quod
1033 2454 1087 2491 uon
1097 2432 1205 2491 dissum
1215 2432 1248 2489 sn
1261 2430 1349 2509 priua.

560 2535 662 2618 Quare
670 2550 792 2610 aequum
805 2527 844 2588 est
853 2549 903 2587 voa
917 2526 1094 2613 cognoscere,
1109 2544 1195 2607 atque
1208 2528 1362 2611 ignoscere,

561 2628 646 2711 Qae
658 2640 765 2685 veteres
774 2624 951 2695 radicatum,
966 2622 985 2684 li
996 2624 1104 2683 faciunt
1114 2624 1191 2683 novi.

563 2720 645 2781 Date
655 2742 781 2802 operam,
796 2735 825 2782 et
838 2741 902 2781 cum
911 2720 1019 2779 silentio
1031 2718 1256 2791 animadvertite,

562 2816 608 2875 Ut
617 2814 798 2896 pernoscatis,
812 2814 883 2896 quid
893 2814 944 2875 fibi
959 2815 1114 2875 Eunuchus
1130 2812 1209 2875 velit.
1298 2804 1303 2813 ’
1408 2830 1448 2897 ςς

691 3069 913 3131 ACTUS
946 3070 982 3131 s.
1025 3066 1243 3130 SCENA
1285 3070 1310 3129 1.

742 3187 988 3237 PHAEDRIA.
1027 3183 1258 3237 PARMBrro:

897 3282 1106 3327 rnrrunrn.

650 3361 742 3422 UID
756 3362 847 3446 igitur
860 3362 979 3423 faciam?
993 3384 1048 3421 non
1062 3364 1142 3422 eam?
1161 3384 1195 3421 nc
1206 3384 1279 3422 nunc
1288 3365 1415 3443 quidem,

669 3458 743 3517 Cum
751 3454 866 3518 arcessor
879 3458 972 3517 ultrul
990 3480 1025 3516 an
1035 3458 1129 3537 potius
1142 3457 1181 3517 itu
1193 3480 1236 3518 me
1247 3474 1437 3541 comparem,-

560 3554 627 3613 Non
638 3551 749 3632 perpeti
765 3553 943 3611 meretricum
956 3554 1157 3613 contumeliae?

560 3645 703 3706 Exclusrtr
723 3657 848 3705 revocat.
873 3644 1004 3704 redeam?
1024 3644 1329 3715 non,s1meobsecret.

562 3746 618 3801 Pa.
629 3740 660 3800 Si
669 3741 783 3819 quidem
793 3739 989 3820 herclepoffis,
1001 3739 1070 3799 nihil
1081 3740 1170 3821 priua,
1185 3756 1275 3821 neque
1289 3741 1408 3803 sortiunt
1420 3760 1442 3825 ς

559 3838 667 3896 Verum
677 3836 697 3893 fi
707 3834 834 3914 incipies,
847 3858 938 3916 neque
952 3838 1099 3917 pertendet
1114 3840 1239 3899 naviter:

559 3932 662 4015 Atque
672 3928 722 3988 ubi
729 3930 791 4008 pati
801 3952 857 3991 non
867 3932 985 4011 poterin,
998 3951 1062 3993 cum
1073 3954 1154 3995 nemo
1165 3945 1288 4014 expetet,

561 4023 670 4085 Infecta
678 4042 758 4103 pace,
772 4019 848 4083 ultro
856 4026 893 4085 ad
902 4046 964 4085 eam
975 4026 1079 4099 venies,
1088 4026 1212 4088 indicano
