3700 5259
561 838 596 901 m
851 840 1171 891 nannenus

564 946 665 1026 Neque
674 948 807 1017 amicum,
813 960 905 1025 neque
914 961 1070 1030 cognatum
1081 970 1088 1007 ε
1101 946 1297 1026 quamobrem,
1304 944 1455 1019 Phaedria,
1542 921 1543 1015 l

564 1042 660 1123 Cupio
674 1043 784 1121 aliquos
799 1063 899 1121 parare
913 1042 1019 1101 amicos
1033 1042 1171 1101 beneficio
1185 1062 1259 1101 meos
1542 1032 1543 1057 ³

482 1151 486 1158 ·
566 1135 613 1207 Id,
623 1137 734 1207 amabo,
746 1138 844 1216 adjuta
853 1158 910 1208 me,
919 1136 1017 1217 quoid
1031 1138 1081 1195 fiat
1091 1136 1213 1197 facilius.
1413 1152 1454 1214 70
1543 1165 1544 1243 p

564 1232 632 1292 Sine
642 1230 723 1291 illum
732 1232 841 1312 priores
851 1246 948 1311 pastea
959 1230 1041 1289 hosce
1057 1229 1167 1311 aliquot
1181 1230 1243 1291 dies
1543 1258 1544 1267 ¹

563 1324 658 1403 Apud
666 1326 832 1388 mehabere.
854 1321 925 1383 nihil
936 1323 1103 1402 respondes?
1125 1324 1178 1381 Pb.
1190 1320 1329 1395 Pelluma,

564 1420 663 1503 Egon'
678 1421 835 1498 quidquam
849 1438 915 1477 cum
929 1416 986 1477 istis
1000 1416 1082 1475 factis
1093 1416 1148 1475 tibi
1162 1416 1364 1497 respondeam?

565 1520 623 1577 Pa.
637 1517 683 1574 Eu
693 1516 799 1575 noller!
816 1514 911 1573 laudo.
933 1514 1048 1571 tandem
1059 1512 1213 1592 perdoluit.
1235 1515 1276 1575 vir
1287 1536 1328 1577 es.

564 1612 619 1671 Ph.
628 1609 676 1668 At
685 1632 743 1693 ego
754 1608 909 1671 nesciebam
918 1607 1051 1685 quorsum
1065 1620 1097 1666 tu
1108 1607 1173 1667 ires.
1194 1609 1311 1689 parvula
1413 1626 1431 1688 7
1435 1628 1451 1693 5

564 1704 647 1793 Hinc
660 1706 698 1765 est
707 1706 842 1784 abreptas
857 1702 956 1762 eduxit
965 1716 1056 1763 mater
1064 1726 1117 1783 pro
1127 1704 1189 1764 sua:

564 1802 653 1860 Soror
663 1800 701 1859 est
712 1800 803 1858 dieta:
818 1798 905 1877 cupio
913 1798 1063 1869 abducere,
1078 1812 1112 1857 ut
1120 1800 1236 1859 reddam
1245 1798 1311 1859 suis.

563 1890 674 1975 Nempe
685 1894 779 1953 omnia
792 1895 862 1953 haec
873 1914 947 1951 nunc
959 1894 1046 1953 verba
1056 1892 1112 1953 huc
1126 1894 1244 1952 redeunt
1252 1892 1396 1971 deniques

564 1990 632 2073 Ego
641 1991 790 2051 excludorr
805 1988 854 2047 ille
864 1987 1016 2067 recipitur:
1039 2010 1095 2067 qua
1104 1989 1218 2071 gratia?

563 2087 623 2149 Nisi
634 2087 714 2146 illum
725 2086 789 2164 plus
798 2106 886 2153 amas,
900 2104 986 2161 quam
999 2104 1060 2143 me:
1076 2097 1104 2143 et
1114 2085 1193 2144 istam
1204 2106 1277 2145 nunc
1288 2084 1383 2158 times,
1411 2088 1452 2147 80

548 2185 647 2269 ¹Qae
657 2182 773 2241 adveda
786 2181 835 2250 est,
850 2203 884 2240 ne
899 2180 980 2239 illum
996 2180 1084 2239 talem
1093 2181 1247 2261 praeripiat
1260 2180 1325 2241 tibi.

565 2272 617 2333 Tb.
629 2275 727 2358 Egon'
739 2273 770 2331 id
782 2273 887 2333 timeo?
917 2275 971 2333 Ph.
982 2274 1064 2359 Qid
1077 2285 1105 2333 te
1120 2296 1191 2357 ergo
1205 2275 1283 2335 aliud
1298 2275 1451 2337 sollicitat?
1547 2320 1548 2341 r

684 2372 764 2430 cedo.

561 2464 640 2525 Num
649 2465 723 2525 solus
733 2465 780 2525 ille
791 2466 865 2524 dona
873 2464 943 2521 dat?
963 2461 1086 2521 nuncubi
1101 2484 1191 2523 meam

561 2562 775 2643 Benignitatem
788 2559 889 2618 sensisti
902 2558 932 2616 in
946 2572 974 2617 te
988 2556 1130 2616 claudier?

560 2656 675 2725 Nonne,
684 2657 734 2714 ubi
745 2655 815 2713 mihi
823 2654 896 2714 dixti
906 2674 1008 2733 cupere
1016 2668 1090 2713 teex
1100 2652 1259 2735 Aethiopia
1410 2657 1446 2735 85

558 2747 750 2819 Ancillulam,
765 2748 869 2807 relictis
883 2748 968 2807 rebus
978 2748 1133 2820 omnibus,¹

559 2842 713 2933 Qaefivi?
725 2866 813 2924 porro
826 2844 998 2903 Eunuchum
1007 2842 1079 2903 dixti
1093 2842 1214 2914 vellete,

561 2939 642 3022 Qia
652 2939 727 2998 solae
738 2952 857 2999 utuntur
866 2938 911 2999 bis
922 2930 1190 3021 reginaeerepperi.
1249 2978 1260 2989 -
1299 3000 1302 3007 ,

559 3028 636 3089 Heri
649 3033 739 3093 minas
750 3034 854 3117 viginti
864 3056 919 3114 pro
931 3036 1069 3095 ambobus
1084 3036 1158 3095 dedi.

558 3124 670 3184 Tamen
680 3142 839 3189 contemtus
850 3131 949 3189 abste.
971 3132 1040 3191 haec
1050 3130 1139 3190 habui
1150 3130 1179 3189 in
1192 3126 1338 3189 memoria.
1405 3148 1444 3208 90

559 3218 610 3279 Ob
620 3220 690 3280 haec
701 3221 776 3282 facta
787 3225 837 3285 aba
851 3239 881 3285 te
891 3226 1016 3305 spernor.
1040 3226 1091 3287 Th.
1103 3227 1185 3313 Qid
1194 3224 1264 3297 illic,
1275 3225 1434 3287 Phaedria?

556 3321 733 3406 Qanquam
744 3319 823 3380 illam
832 3320 918 3399 cupio
929 3321 1179 3401 abducere,atque
1191 3320 1284 3381 haere
1298 3321 1423 3383 arbitror
1493 3368 1497 3374 -

558 3418 597 3483 Id
606 3417 667 3477 lieri
674 3416 750 3497 polle
760 3417 898 3476 mammet
914 3420 1121 3490 verumtamen,

555 3512 656 3571 Potius
668 3532 755 3592 quam
768 3524 797 3569 te
811 3511 958 3570 inimicum
968 3511 1099 3583 habeam,
1112 3501 1214 3572 faciam
1224 3512 1379 3593 utjulleris.

555 3607 610 3665 Ph.
621 3606 741 3667 Utinam
751 3605 821 3665 istuc
829 3606 946 3665 verbum
957 3606 1095 3665 exanimo
1106 3628 1139 3665 ae
1150 3628 1212 3665 vere
1224 3604 1344 3677 diceres,
1405 3594 1442 3687 95Ι
1449 3610 1452 3623 “
1498 3640 1500 3645 ·

555 3700 656 3759 Potius
670 3721 757 3779 quam
767 3710 796 3772 te
806 3700 951 3760 inimicum
966 3700 1102 3761 habeam:
1118 3700 1137 3761 fi
1152 3700 1222 3759 istnc
1231 3701 1374 3762 crederem

527 3815 531 3822 ‘
554 3795 670 3855 Sincere
680 3796 749 3866 dici,
760 3794 872 3874 quidvis
887 3794 991 3875 pellem
1002 3796 1122 3879 perpeti.

553 3892 611 3949 Pa.
624 3887 771 3958 Labascit,
787 3888 878 3949 vietus
888 3912 945 3949 uno
956 3891 1053 3949 verbo.
1076 3888 1249 3969 quamcito!

553 3982 608 4044 Th.
618 3983 687 4066 Ego
695 3985 903 4046 nonexanimo
913 3984 1012 4045 misera
1026 3985 1111 4045 dico?
1131 3988 1296 4066 quamjoco

554 4077 630 4139 Rem
639 4076 830 4146 voluistiame
838 4082 965 4154 tandem,
977 4080 1046 4161 quin
1059 4080 1231 4161 perfeceris?
1390 4100 1444 4145 roe
