3700 5259
707 860 743 921 C.
771 857 1002 961 SULPITIl
1031 852 1375 921 APOLLINARIS

664 1026 1426 1123 Pnnrocur

1018 1230 1072 1279 IN

723 1360 1001 1422 TERENTII
1036 1356 1364 1429 EUNUCHUM.

670 1538 735 1599 OR
747 1539 776 1599 Ο
785 1536 887 1597 REM
900 1536 969 1595 fallo
982 1536 1141 1597 dictitarem
1151 1536 1286 1612 Thaidis,

685 1634 722 1692 Id
734 1634 823 1714 ipsum
837 1633 982 1716 ignorans,
994 1632 1073 1691 miles
1088 1632 1205 1691 advexit
1221 1632 1343 1705 Thraso,

606 1726 718 1804 lpsrque
730 1728 827 1785 donat.
850 1738 912 1784 erat
924 1726 994 1783 haec
1008 1724 1078 1783 civis
1093 1724 1206 1783 Attica.

604 1818 707 1883 Eidem
719 1820 900 1888 Eunuchum,
914 1840 999 1897 quem
1010 1832 1125 1887 emerat,
1137 1818 1212 1879 tradi
1220 1817 1305 1897 jubet

604 1915 727 1978 Thaidi:
736 1930 845 1977 amator
858 1908 1006 1985 Phaedria,
1021 1935 1054 1973 ac
1068 1936 1115 1973 rus
1125 1914 1183 1993 ipse
1197 1913 1269 1982 abit,
1311 1913 1313 1917 ’

604 2009 744 2069 Thrasoni
754 2025 852 2069 oratus
860 2010 977 2071 biduum
988 2009 1163 2069 concederet.

604 2104 742 2183 Ephebu:
755 2105 842 2165 frater
855 2105 1010 2168 Phaedriae
1025 2102 1183 2185 puellulam

603 2201 678 2261 Cum
686 2201 836 2283 deperiret,
849 2201 925 2260 dono
940 2200 1046 2259 millum
1055 2199 1174 2271 Thaidi,

540 2312 549 2351 r
602 2294 716 2354 Ornatu
727 2294 859 2356 Eunuchi
870 2295 1011 2375 induitur:
1027 2296 1123 2357 hader
1138 2296 1293 2358 Parmeno:

603 2390 736 2451 Introiit:
750 2390 834 2452 vitiat
848 2392 1001 2474 virginem:
1018 2391 1064 2451 sed
1075 2389 1195 2450 Atticus
1402 2378 1404 2383 ¹

602 2486 683 2547 Civis
694 2502 820 2568 repertur
834 2488 922 2547 frater
931 2492 1000 2569 ejus,
1014 2488 1144 2547 conlocat

602 2582 742 2642 Vitiatam
755 2584 876 2665 ephebo,
891 2584 1059 2644 Phaedriam
1070 2596 1168 2643 exorat
1180 2581 1301 2643 Thraso.

796 2856 840 2917 M.
872 2856 1002 2917 nur.
1036 2856 1278 2917 Munnrr

707 3019 1382 3107 ARGUMENTUM.

675 3222 735 3282 Ivr's
748 3222 858 3298 quidam
870 3222 1036 3300 Atheniensis
1048 3222 1150 3298 filiam,
1164 3226 1209 3280 cra'
1221 3224 1391 3302 Pamphilae,
1407 3222 1468 3299 ctfi·

694 3317 772 3386 lium,
785 3322 830 3377 cui
841 3302 975 3378 Chremeti
987 3338 1078 3375 nomen
1091 3327 1163 3385 erat,
1177 3317 1280 3375 habuit.
1302 3338 1333 3375 ex
1346 3321 1381 3375 iis
1392 3318 1467 3375 Parn-

592 3414 699 3492 philam
715 3416 801 3475 adbuc
817 3414 984 3495 infantulam
999 3415 1145 3492 praedones
1167 3429 1281 3491 rapuere
1301 3436 1316 3471 e
1339 3415 1428 3480 Sunio,
1447 3418 1469 3467 et

598 3516 742 3570 mercatori
759 3515 867 3572 cuidam
885 3515 984 3574 Rhodio
1004 3512 1160 3571 vendidere:
1181 3514 1226 3585 qui
1244 3509 1365 3568 Rhodum
1383 3508 1467 3565 aduec-

597 3616 658 3665 tam
667 3614 814 3681 meretrici,
826 3631 908 3686 quarn
919 3611 1041 3676 amabat,
1056 3608 1122 3667 dono
1132 3606 1213 3663 dedit.
1246 3606 1333 3664 Haec
1344 3614 1468 3681 acceptam

592 3704 712 3777 puellam
718 3710 788 3782 part
794 3727 861 3763 cura
872 3704 1007 3780 aestuale,
1017 3724 1076 3761 cunt
1087 3700 1190 3759 Thaide
1190 3700 1255 3776 filia
1263 3704 1346 3778 coepit
1355 3702 1467 3758 educere:

596 3817 672 3855 nemo
682 3802 793 3878 unfit:
815 3804 861 3873 qui
872 3820 923 3856 non
937 3808 1080 3871 atramque
1090 3818 1121 3854 ex
1135 3796 1191 3877 ipstr
1206 3799 1331 3875 genitam
1344 3796 1388 3873 este
1401 3794 1466 3851 arbi·

596 3899 729 3949 traretur.
774 3890 871 3961 lllar’s,
892 3914 959 3968 qaae
967 3891 1160 3974 grandiuscula
1178 3902 1250 3959 crat,
1272 3912 1352 3967 quum
1364 3890 1402 3949 ad
1416 3904 1468 3945 earn

595 3994 713 4043 aetatem
727 3990 893 4064 pervent‘ffet,
915 3998 946 4045 ut
959 3992 1028 4045 uiris
1036 3987 1145 4064 placere
1152 3990 1242 4064 postet,
1264 3992 1423 4053 'erraternarm
1441 3991 1466 4041 ul
1540 4010 1541 4075 ἕ

587 4083 636 4155 fit,
650 4084 758 4140 vivendi
771 4086 902 4141 rationem
915 4080 1044 4163 insecuta,
1058 4102 1117 4141 cum
1130 4082 1225 4164 hospite
1234 4084 1345 4157 quodam
1353 4080 1465 4141 Athenas

1542 2952 1544 3043 l
