3700 5259
539 833 722 886 Acrus
758 833 790 882 ιι.
835 833 1019 883 scurra
1053 837 1099 885 ιιι.
1226 836 1273 903 ¹⁶5

391 941 575 1023 Complures:
597 952 627 1018 ‚es
637 937 705 1010 item
715 935 781 996 hinc
791 933 857 1006 alia,
872 957 945 1014 quae
952 951 1038 1017 porto
1052 939 1191 1020 Cyprum,

391 1043 493 1103 Nisreo
508 1041 545 1100 ad
558 1049 712 1097 mercatum
725 1033 817 1101 venio,
832 1034 967 1092 damnum
981 1056 1142 1096 maxumum
1150 1037 1195 1096 ’st.

390 1139 477 1200 Nunc
490 1137 510 1202 fi
524 1136 579 1200 hoc
593 1131 713 1218 omittop
736 1130 933 1214 assumagam.
954 1130 1005 1189 ubi
1014 1130 1093 1190 illinc
1102 1133 1222 1208 rediero,
1252 1199 1255 1204 ,

390 1232 474 1294 Nihil
490 1215 544 1302 est3
566 1225 706 1288 refrixerit
720 1245 773 1284 res.
795 1245 869 1284 nunc
880 1227 1096 1288 demumvenis?
1237 1247 1275 1310 25

370 1389 373 1393 ,
391 1327 454 1386 Cur
463 1324 572 1406 passus?
592 1321 642 1383 ubi
656 1339 716 1390 eras
726 1320 736 1378 ἓ
748 1331 788 1402 ἰιι
798 1318 833 1380 sit
844 1317 930 1378 sarius
943 1322 1070 1400 perdere,
1266 1319 1273 1330 ’

391 1422 492 1506 Qrann
505 1430 554 1476 aut
565 1415 612 1474 hic
623 1434 697 1474 nunc
708 1431 818 1483 manere
832 1413 963 1485 tamdiu,
977 1430 1026 1475 aut
1035 1430 1096 1476 tum
1108 1418 1247 1498 persequi.

392 1519 441 1595 Sy,
451 1517 548 1598 Jamne
566 1507 730 1570 enumerasti
743 1507 784 1578 id,
796 1510 876 1586 quod
889 1513 925 1574 ad
939 1524 968 1570 te
981 1512 1135 1572 rediturum
1145 1515 1247 1592 putes?

394 1613 446 1672 Sa.
454 1608 585 1670 Haecine
591 1605 641 1664 illo
647 1604 766 1686 dignum
773 1603 822 1669 ’str
835 1603 953 1664 hoccine
959 1606 1081 1687 incipere
1088 1597 1280 1670 Aeschinum?

376 1760 378 1767 ,
393 1707 451 1772 Per
463 1701 663 1784 oppressionem
674 1714 706 1760 ut
715 1700 787 1760 hanc
801 1699 871 1762 mihi
885 1701 992 1780 eripere
1007 1703 1146 1782 postulet?
1239 1725 1279 1784 30

393 1806 442 1880 Sy.
452 1800 598 1862 Labascit.
618 1819 705 1858 unum
716 1799 770 1858 hoc
780 1799 888 1858 habeo:
908 1800 982 1870 ride,
997 1801 1093 1878 srsatis
1107 1801 1217 1882 placete

393 1896 509 1968 Potius,
525 1917 610 1976 quam
623 1895 716 1954 venias
731 1893 759 1956 in
773 1893 939 1974 periculum,
955 1894 1072 1965 Sannio,

397 1993 543 2062 Servesne,
558 2013 593 2052 an
607 1992 707 2070 perdas
718 2005 822 2060 toturn,
833 1989 978 2050 dividuum
990 1990 1067 2050 sace:

396 2087 495 2152 Minas
510 2089 606 2146 decem
620 2087 749 2146 conradet
763 2085 899 2144 alicunde.
923 2087 972 2144 Sa.
983 2085 1043 2144 Hei
1058 2083 1142 2144 mihi!

395 2179 496 2257 Etiam
507 2179 542 2238 de
556 2178 629 2238 sorte
644 2200 717 2240 nunc
730 2177 811 2238 venio
822 2179 850 2238 in
862 2178 980 2238 dubium
992 2180 1091 2239 miseni-
1139 2172 1142 2177 ¹
1241 2196 1278 2258 35

396 2275 492 2334 Pudet
504 2271 589 2331 nihil:
612 2293 709 2332 omnes
722 2275 820 2332 dentes
828 2271 961 2332 labefecit
971 2271 1056 2333 mihi:

396 2372 547 2430 Praeterea
558 2367 684 2447 colaphis
699 2369 782 2426 tuber
792 2368 830 2426 est
839 2381 933 2426 totum
946 2380 1047 2444 caput:

398 2465 498 2526 Etiam
513 2463 623 2542 insuper
634 2463 782 2540 defrudet?
803 2463 938 2540 nusquam
952 2461 1031 2519 abeo.
1054 2461 1099 2536 Sy.
1111 2459 1155 2517 Ut
1163 2457 1253 2518 lubet.

397 2559 548 2638 Numquid
556 2559 607 2628 vis,
619 2545 688 2636 quin
698 2557 813 2626 abeam?
836 2558 885 2616 Sa.
901 2557 993 2614 Immo
1002 2554 1096 2614 hercle
1104 2553 1159 2612 hoc
1168 2553 1281 2635 quaeso,

524 2655 612 2733 Syre;
890 2727 893 2732 j
1200 2659 1203 2666 '

399 2750 443 2811 Ut
453 2763 489 2810 ut
500 2750 570 2808 haec
578 2749 641 2809 sunt
650 2748 735 2819 sassa,
746 2746 854 2828 potius,
864 2768 950 2826 quarn
960 2745 1024 2805 lites
1038 2745 1147 2824 sequar,
1240 2766 1283 2824 40

400 2847 500 2908 Meum
514 2846 584 2904 mihi
599 2847 747 2906 reddatur:
770 2845 867 2909 saitem
877 2830 977 2923 quanti
985 2857 1060 2905 emta
1067 2845 1110 2901 ’st.
1131 2843 1214 2920 Syre,
1243 2831 1265 2874 ·³

401 2944 468 3002 Scio
481 2956 511 3002 te
524 2963 578 3000 non
593 2942 672 3008 usum
687 2942 806 3004 antehac
820 2929 944 3006 amicitia
958 2925 1035 3002 mea:

400 3037 559 3097 Memorem
570 3057 614 3096 me
629 3036 704 3097 dices
714 3037 776 3108 esse,
788 3049 816 3096 et
826 3022 952 3118 gratum.
974 3034 1019 3109 sy.
1030 3030 1135 3091 Sedulo

401 3132 528 3192 Faciam.
549 3129 596 3188 sed
609 3119 806 3211 Ctesiphonem
821 3131 918 3189 videa·
933 3129 1023 3188 laetus
1034 3127 1073 3186 est
1087 3161 1096 3168 -

379 3288 382 3292 ,
401 3225 450 3287 De
461 3222 562 3282 amica.
584 3225 634 3282 Sa.
646 3217 737 3310 Qi'd,
749 3225 827 3304 quod
840 3236 869 3281 te
882 3223 951 3283 oro?
972 3224 1018 3300 Sy.
1031 3221 1175 3310 Paulisper
1182 3243 1274 3288 manea

495 3343 1193 3473 neuus11.scsunrr1.

639 3517 870 3566 CTESIPHO.
906 3516 1053 3569 SYRUS·

737 3617 753 3655 c
764 3619 782 3654 τ
792 3618 806 3655 s
816 3620 828 3656 s
839 3619 847 3654 ι
858 3620 872 3656 ι»
884 3618 901 3654 ιι
911 3617 940 3656 ο.

404 3689 487 3766 ᾼΒΒ
506 3687 600 3768 quivis
614 3688 738 3760 homine,
753 3712 818 3754 curn
832 3692 870 3751 est
883 3711 966 3770 opus,
980 3687 1285 3769 beneficiumaccipere

520 3787 655 3868 gaudeas.
785 3769 787 3774 Ι
917 3769 920 3776 ’
1262 3765 1282 3774 ἰ

405 3882 513 3946 Verum
523 3879 600 3938 'enirn
614 3901 679 3938 vero
699 3878 728 3938 id
741 3881 853 3939 demum
867 3883 961 3960 juvat,
975 3881 1005 3953 fi,
1025 3902 1110 3960 quem
1122 3879 1286 3961 aequum'st

378 4037 389 4055 Γ
461 4041 463 4046 ,
527 3976 709 4064 benefacere,
724 3976 747 4035 is
762 3976 840 4040 facit.
864 4054 866 4058 Ι
1239 4043 1242 4050 ,

409 4066 537 4140 Ofiater!
545 4061 650 4156 fratris
665 4067 735 4162 quid
743 4088 912 4164 egonuncte
921 4067 1049 4158 laudem?
1060 4075 1124 4141 satis
1133 4075 1287 4149 certoscioa
