3700 5259
336 858 339 864 ·
445 891 448 895 μ
568 836 1114 893 AcTusv.s‘cENA11.
1256 852 1288 903 ⁴1

401 946 467 1009 Da.
486 948 578 1007 Immo
589 954 659 1010 'vero
679 951 839 1035 indignum,
859 950 1005 1025 Chremes,
1021 956 1080 1034 jam
1094 950 1202 1012 facinus
1222 949 1288 1010 faxo

459 1055 464 1061 “
527 1064 562 1101 ex
572 1066 618 1103 me
631 1046 739 1105 audias.

398 1136 504 1196 Nescio
516 1138 567 1217 qui
577 1139 658 1199 senex
669 1142 754 1200 modo
763 1139 849 1212 venit,
864 1142 961 1215 ellum,
972 1144 1125 1212 conlidens,
1137 1154 1228 1202 catur.

399 1232 502 1319 Qum
515 1232 615 1293 faeiem
629 1233 732 1305 ridear,
747 1236 857 1295 videtur
870 1238 922 1296 elle
936 1224 1078 1317 quantivis
1092 1236 1188 1317 pretii.
1250 1254 1286 1318 ις
1347 1246 1351 1259 “

399 1323 504 1384 Tristia
515 1324 644 1385 severitas
659 1328 726 1387 inest
739 1329 769 1387 in
782 1330 872 1402 voltu,
887 1345 974 1410 atque
983 1332 1011 1391 in
1020 1332 1111 1391 verbis
1121 1333 1201 1391 fides.

401 1420 444 1479 Si.
455 1420 604 1506 Qiduam
623 1422 774 1501 adportas?
805 1425 864 1484 Da.
880 1426 960 1485 Nihil
981 1428 1122 1507 equidem,
1142 1426 1191 1485 nili
1206 1426 1286 1505 quod

527 1515 607 1574 illum
621 1516 714 1575 audiri
728 1518 830 1577 dicere.

402 1613 446 1671 Si.
460 1610 545 1697 Qid
557 1612 598 1671 ait
606 1614 738 1673 taudem?
757 1614 816 1674 Da.
832 1614 1001 1694 Glycerium
1014 1616 1041 1675 se
1055 1616 1124 1675 scire
1135 1616 1223 1675 civem
1232 1618 1283 1679 elle

525 1707 668 1766 Atticam.

400 1804 444 1863 Si.
461 1802 553 1873 Hem,
567 1804 691 1872 Dromo,
711 1803 833 1861 Dromo.
854 1803 914 1862 Da.
929 1802 1011 1889 Qid
1025 1802 1080 1863 est?
1101 1806 1142 1865 Si.
1159 1806 1282 1867 Dromo.

444 1950 447 1960 .
526 1898 586 1956 Da.
601 1896 692 1956 Audi.
714 1900 756 1957 Si.
767 1898 896 1957 Verbum
908 1897 928 1956 fi
940 1898 1090 1957 addideris.
1113 1900 1234 1958 Dromo.

402 1992 465 2053 Da.
479 1991 576 2061 Audi,
588 1990 712 2077 olrl'ecro.
735 1994 791 2051 Dr.
806 1990 888 2075 Qid
901 1990 963 2051 via?
984 1993 1026 2051 Si.
1042 1990 1197 2051 Sublimem
1207 1994 1283 2055 hunc
1325 2012 1327 2017 “

525 2087 602 2147 intro
614 2109 692 2167 rape,
703 2102 840 2165 quantum
848 2102 940 2165 poter.
1242 2110 1282 2149 20

317 2231 322 2238 .
401 2181 459 2241 Dr.
469 2182 585 2259 Quem?
605 2183 647 2240 Si.
656 2181 779 2239 Davom.
802 2180 1081 2265 Da.Qamobrem?
1102 2182 1280 2269 SiQialu·

525 2276 583 2335 bet.
603 2296 682 2356 rape,
693 2277 819 2355 inquam.
841 2274 900 2335 Da.
912 2276 994 2361 Qid
1007 2276 1078 2337 feci?
1099 2280 1141 2337 Si.
1158 2278 1249 2359 Rape.

399 2368 462 2428 Da.
477 2366 510 2427 Si
529 2368 683 2448 quidquam
696 2368 819 2429 invenies
839 2390 885 2427 me
895 2369 1057 2441 mentitum,
1071 2371 1204 2432 occidito.
1236 2376 1278 2435 Si.

524 2464 605 2524 Nihil
614 2467 709 2526 audio.
994 2454 1000 2469 ’

400 2558 470 2642 Ego
476 2560 539 2639 jam
548 2574 578 2620 te
588 2574 761 2621 commotum
774 2559 898 2619 reddam.
918 2558 979 2619 Da.
990 2557 1100 2619 Tamen
1110 2560 1159 2620 etll
1168 2560 1223 2623 hoc
1231 2582 1278 2623 ve.

523 2652 652 2716 rumest?
673 2658 715 2717 Si.
730 2654 851 2735 Tamen.
978 2654 982 2663 ’

396 2744 476 2807 Cura
495 2746 694 2807 adserraudum
712 2746 845 2818 viridum.
873 2757 961 2825 atque
980 2746 1096 2809 audin'l
1116 2751 1276 2832 quadrupe·

288 2917 289 2920 Ἰ
521 2844 585 2903 dem
592 2842 786 2925 constringitu-
1196 2882 1210 2897 -.

394 2937 470 3021 Age
483 2940 635 3017 nunciam,
649 2958 704 3019 ego
712 2935 761 3015 pol
771 2934 986 3005 hodie,fivivo‚
996 2935 1051 2995 tibi
1237 2957 1275 3023 ²5

397 3027 565 3101 Ostendam,
578 3031 677 3090 herum
689 3028 762 3108 quid
770 3029 804 3087 lit
814 3028 912 3109 pericli
925 3028 1030 3101 fallere,
1045 3044 1074 3090 et

398 3129 459 3199 llll,
468 3140 589 3209 patrem.
613 3124 734 3195 cuAh,
746 3123 861 3184 nelrevi
871 3117 1027 3206 tantopere.
1050 3128 1092 3187 Si.
1104 3126 1133 3187 0
1144 3126 1282 3213 Chreme,¹

397 3222 539 3281 Pietatem
549 3220 646 3303 gnati!
669 3240 760 3279 nonne
774 3232 803 3278 te
816 3219 926 3278 miseret
936 3220 1008 3281 mei?

395 3303 527 3375 Tantum
538 3306 662 3374 laborem
675 3334 774 3394 capere
784 3314 825 3372 ‘ob
834 3312 920 3373 talem
933 3313 1039 3375 filium?
1126 3384 1129 3392 s

394 3410 478 3493 Age,
493 3409 651 3494 Pamphile,
665 3410 720 3480 exi,
731 3406 888 3489 Pamphile.
907 3409 1011 3487 ecquid
1023 3425 1051 3470 te
1061 3412 1167 3491 pudet?
1235 3431 1274 3496 30

537 3571 799 3633 ACTUS-V.
842 3570 1033 3633 SCENA
1065 3571 1127 3633 111.

496 3696 773 3746 PAMPHILUS.
803 3695 915 3743 sudo.
945 3696 1165 3749 CHREMES.

713 3804 949 3847 caueamus.

393 3880 653 3968 Qnsmevour
666 3861 751 3960 'pem
765 3878 903 3959 paterer.
925 3879 1270 3965 u.Quais,0mnium÷

329 4074 335 4092 ⁴
396 4070 468 4141 Rem
480 3978 673 4155 mdiassldm
686 4074 743 4149 dic,
757 4094 790 4135 ac
801 4073 883 4133 mitte
897 4071 969 4133 male
979 4070 1068 4152 loqui.

818 4168 844 4227 F
