<?xml version="1.0" encoding="UTF-8"?>
<!DOCTYPE html PUBLIC "-//W3C//DTD XHTML 1.0 Transitional//EN"
    "http://www.w3.org/TR/xhtml1/DTD/xhtml1-transitional.dtd">
<html xmlns="http://www.w3.org/1999/xhtml" xml:lang="en" lang="en">
 <head>
  <title>
</title>
<meta http-equiv="Content-Type" content="text/html;charset=utf-8" />
  <meta name='ocr-system' content='tesseract 3.04.00' />
  <meta name='ocr-capabilities' content='ocr_page ocr_carea ocr_par ocr_line ocrx_word'/>
</head>
<body>
  <div class='ocr_page' id='page_1' title='image "./publiiterentiia02teregoog_0161.png"; bbox 0 0 3700 5259; ppageno 0'>
   <div class='ocr_carea' id='block_1_1' title="bbox 610 843 1266 918">
    <p class='ocr_par' dir='ltr' id='par_1_1' title="bbox 610 843 1266 918">
     <span class='ocr_line' id='line_1_1' title="bbox 610 843 1266 918; baseline -0.002 -12"><span class='ocrx_word' id='word_1_1' title='bbox 610 843 1032 906; x_wconf 56' lang='lat' dir='ltr'><em>nubuntur-vet.</em></span> <span class='ocrx_word' id='word_1_2' title='bbox 1218 860 1266 918; x_wconf 71' lang='lat'><em>153</em></span> 
     </span>
    </p>
   </div>
   <div class='ocr_carea' id='block_1_2' title="bbox 383 963 1270 2094">
    <p class='ocr_par' dir='ltr' id='par_1_2' title="bbox 383 963 1270 2094">
     <span class='ocr_line' id='line_1_2' title="bbox 386 963 1268 1045; baseline 0.003 -19"><span class='ocrx_word' id='word_1_3' title='bbox 386 963 547 1036; x_wconf 79' lang='lat' dir='ltr'><em>riureirices,</em></span> <span class='ocrx_word' id='word_1_4' title='bbox 561 977 644 1045; x_wconf 89' lang='lat' dir='ltr'><em>patre</em></span> <span class='ocrx_word' id='word_1_5' title='bbox 656 967 795 1024; x_wconf 88' lang='lat' dir='ltr'><em>adomnia</em></span> <span class='ocrx_word' id='word_1_6' title='bbox 815 968 977 1037; x_wconf 81' lang='lat' dir='ltr'><em>connivente,</em></span> <span class='ocrx_word' id='word_1_7' title='bbox 998 967 1160 1037; x_wconf 67' lang='lat' dir='ltr'><em>adamavite</em></span> <span class='ocrx_word' id='word_1_8' title='bbox 1179 969 1268 1028; x_wconf 84' lang='lat' dir='ltr'><em>multa</em></span> 
     </span>
     <span class='ocr_line' id='line_1_3' title="bbox 384 1061 1268 1143; baseline -0.002 -18"><span class='ocrx_word' id='word_1_9' title='bbox 384 1069 504 1127; x_wconf 81' lang='lat' dir='ltr'><em>convivia</em></span> <span class='ocrx_word' id='word_1_10' title='bbox 523 1064 668 1124; x_wconf 86' lang='lat' dir='ltr'><em>celebravit</em></span> <span class='ocrx_word' id='word_1_11' title='bbox 674 1086 687 1132; x_wconf 91' lang='lat'><em>,·</em></span> <span class='ocrx_word' id='word_1_12' title='bbox 709 1082 776 1136; x_wconf 89' lang='lat' dir='ltr'><em>quae</em></span> <span class='ocrx_word' id='word_1_13' title='bbox 787 1061 897 1136; x_wconf 86' lang='lat' dir='ltr'><em>denique</em></span> <span class='ocrx_word' id='word_1_14' title='bbox 906 1063 1038 1137; x_wconf 87' lang='lat' dir='ltr'><em>juventus</em></span> <span class='ocrx_word' id='word_1_15' title='bbox 1044 1068 1118 1143; x_wconf 86' lang='lat' dir='ltr'><em>sert,</em></span> <span class='ocrx_word' id='word_1_16' title='bbox 1132 1087 1165 1123; x_wconf 91' lang='lat' dir='ltr'><em>ea</em></span> <span class='ocrx_word' id='word_1_17' title='bbox 1178 1069 1268 1123; x_wconf 74' lang='lat' dir='ltr'><em>onznia</em></span> 
     </span>
     <span class='ocr_line' id='line_1_4' title="bbox 385 1157 1269 1240; baseline 0 -22"><span class='ocrx_word' id='word_1_18' title='bbox 385 1174 433 1218; x_wconf 84' lang='lat' dir='ltr'><em>non</em></span> <span class='ocrx_word' id='word_1_19' title='bbox 442 1161 523 1218; x_wconf 88' lang='lat' dir='ltr'><em>libere</em></span> <span class='ocrx_word' id='word_1_20' title='bbox 536 1161 618 1240; x_wconf 85' lang='lat' dir='ltr'><em>modo,</em></span> <span class='ocrx_word' id='word_1_21' title='bbox 624 1157 677 1238; x_wconf 68' lang='lat' dir='ltr'><em>ssd</em></span> <span class='ocrx_word' id='word_1_22' title='bbox 683 1162 768 1216; x_wconf 87' lang='lat' dir='ltr'><em>etiarn</em></span> <span class='ocrx_word' id='word_1_23' title='bbox 777 1157 887 1216; x_wconf 83' lang='lat' dir='ltr'><em>licenter</em></span> <span class='ocrx_word' id='word_1_24' title='bbox 897 1163 1024 1217; x_wconf 82' lang='lat' dir='ltr'><em>exercuit.</em></span> <span class='ocrx_word' id='word_1_25' title='bbox 1047 1159 1178 1234; x_wconf 84' lang='lat' dir='ltr'><em>Postrema</em></span> <span class='ocrx_word' id='word_1_26' title='bbox 1191 1161 1269 1240; x_wconf 81' lang='lat' dir='ltr'><em>sosque</em></span> 
     </span>
     <span class='ocr_line' id='line_1_5' title="bbox 384 1254 1267 1339; baseline 0 -22"><span class='ocrx_word' id='word_1_27' title='bbox 384 1279 410 1317; x_wconf 86' lang='lat' dir='ltr'><em>eo</em></span> <span class='ocrx_word' id='word_1_28' title='bbox 415 1258 563 1338; x_wconf 85' lang='lat' dir='ltr'><em>progreffiss</em></span> <span class='ocrx_word' id='word_1_29' title='bbox 577 1255 628 1332; x_wconf 78' lang='lat' dir='ltr'><em>este</em></span> <span class='ocrx_word' id='word_1_30' title='bbox 649 1259 679 1313; x_wconf 88' lang='lat' dir='ltr'><em>ln</em></span> <span class='ocrx_word' id='word_1_31' title='bbox 689 1257 823 1334; x_wconf 81' lang='lat' dir='ltr'><em>uirginem</em></span> <span class='ocrx_word' id='word_1_32' title='bbox 830 1254 1025 1330; x_wconf 74' lang='lat' dir='ltr'><em>pauperculam</em></span> <span class='ocrx_word' id='word_1_33' title='bbox 1038 1259 1151 1332; x_wconf 85' lang='lat' dir='ltr'><em>quidem,</em></span> <span class='ocrx_word' id='word_1_34' title='bbox 1160 1261 1213 1339; x_wconf 88' lang='lat' dir='ltr'><em>sed</em></span> <span class='ocrx_word' id='word_1_35' title='bbox 1223 1261 1267 1316; x_wconf 90' lang='lat' dir='ltr'><em>ho·</em></span> 
     </span>
     <span class='ocr_line' id='line_1_6' title="bbox 385 1350 1269 1432; baseline 0.002 -22"><span class='ocrx_word' id='word_1_36' title='bbox 385 1373 457 1420; x_wconf 87' lang='lat' dir='ltr'><em>nans,</em></span> <span class='ocrx_word' id='word_1_37' title='bbox 477 1354 551 1412; x_wconf 88' lang='lat' dir='ltr'><em>honis</em></span> <span class='ocrx_word' id='word_1_38' title='bbox 569 1362 744 1432; x_wconf 82' lang='lat' dir='ltr'><em>prognatam,</em></span> <span class='ocrx_word' id='word_1_39' title='bbox 767 1350 940 1429; x_wconf 72' lang='lat' dir='ltr'><em>Panphilam&#39;</em></span> <span class='ocrx_word' id='word_1_40' title='bbox 952 1357 1064 1422; x_wconf 86' lang='lat' dir='ltr'><em>nomine,</em></span> <span class='ocrx_word' id='word_1_41' title='bbox 1085 1375 1166 1429; x_wconf 87' lang='lat' dir='ltr'><em>quam</em></span> <span class='ocrx_word' id='word_1_42' title='bbox 1178 1364 1269 1412; x_wconf 77' lang='lat' dir='ltr'><em>nsoter·</em></span> 
     </span>
     <span class='ocr_line' id='line_1_7' title="bbox 387 1444 1265 1526; baseline -0.001 -19"><span class='ocrx_word' id='word_1_43' title='bbox 387 1448 507 1523; x_wconf 81' lang='lat' dir='ltr'><em>Sostrata</em></span> <span class='ocrx_word' id='word_1_44' title='bbox 521 1447 606 1505; x_wconf 86' lang='lat' dir='ltr'><em>vidua</em></span> <span class='ocrx_word' id='word_1_45' title='bbox 619 1447 713 1525; x_wconf 69' lang='lat' dir='ltr'><em>scande</em></span> <span class='ocrx_word' id='word_1_46' title='bbox 724 1444 815 1526; x_wconf 89' lang='lat' dir='ltr'><em>secam</em></span> <span class='ocrx_word' id='word_1_47' title='bbox 829 1457 855 1503; x_wconf 90' lang='lat' dir='ltr'><em>et</em></span> <span class='ocrx_word' id='word_1_48' title='bbox 863 1448 969 1523; x_wconf 80' lang='lat' dir='ltr'><em>pudice,</em></span> <span class='ocrx_word' id='word_1_49' title='bbox 990 1459 1021 1506; x_wconf 86' lang='lat' dir='ltr'><em>ut</em></span> <span class='ocrx_word' id='word_1_50' title='bbox 1029 1461 1149 1526; x_wconf 81' lang='lat' dir='ltr'><em>poterat,</em></span> <span class='ocrx_word' id='word_1_51' title='bbox 1169 1450 1265 1507; x_wconf 87' lang='lat' dir='ltr'><em>educa·</em></span> 
     </span>
     <span class='ocr_line' id='line_1_8' title="bbox 384 1541 1266 1624; baseline -0.001 -24"><span class='ocrx_word' id='word_1_52' title='bbox 384 1543 441 1611; x_wconf 86' lang='lat' dir='ltr'><em>bat,</em></span> <span class='ocrx_word' id='word_1_53' title='bbox 454 1549 530 1602; x_wconf 76' lang='lat' dir='ltr'><em>nullu</em></span> <span class='ocrx_word' id='word_1_54' title='bbox 540 1541 701 1600; x_wconf 83' lang='lat' dir='ltr'><em>temulentus</em></span> <span class='ocrx_word' id='word_1_55' title='bbox 712 1557 792 1616; x_wconf 85' lang='lat' dir='ltr'><em>quum</em></span> <span class='ocrx_word' id='word_1_56' title='bbox 802 1543 941 1618; x_wconf 68' lang='lat' dir='ltr'><em>incidisset,</em></span> <span class='ocrx_word' id='word_1_57' title='bbox 952 1547 1009 1600; x_wconf 84' lang='lat' dir='ltr'><em>vim</em></span> <span class='ocrx_word' id='word_1_58' title='bbox 1018 1547 1044 1600; x_wconf 90' lang='lat' dir='ltr'><em>ei</em></span> <span class='ocrx_word' id='word_1_59' title='bbox 1053 1543 1159 1612; x_wconf 87' lang='lat' dir='ltr'><em>attulit,</em></span> <span class='ocrx_word' id='word_1_60' title='bbox 1165 1545 1266 1624; x_wconf 83' lang='lat' dir='ltr'><em>graui-</em></span> 
     </span>
     <span class='ocr_line' id='line_1_9' title="bbox 387 1637 1267 1721; baseline 0.001 -25"><span class='ocrx_word' id='word_1_61' title='bbox 387 1638 579 1714; x_wconf 70' lang='lat' dir='ltr'><em>damquefetits</em></span> <span class='ocrx_word' id='word_1_62' title='bbox 606 1637 686 1696; x_wconf 81' lang='lat' dir='ltr'><em>Venit</em></span> <span class='ocrx_word' id='word_1_63' title='bbox 692 1637 778 1715; x_wconf 79' lang='lat' dir='ltr'><em>postea</em></span> <span class='ocrx_word' id='word_1_64' title='bbox 786 1641 825 1696; x_wconf 89' lang='lat' dir='ltr'><em>ad</em></span> <span class='ocrx_word' id='word_1_65' title='bbox 831 1649 946 1696; x_wconf 81' lang='lat' dir='ltr'><em>matrem</em></span> <span class='ocrx_word' id='word_1_66' title='bbox 956 1639 1040 1710; x_wconf 85' lang='lat' dir='ltr'><em>illius,</em></span> <span class='ocrx_word' id='word_1_67' title='bbox 1050 1644 1158 1699; x_wconf 86' lang='lat' dir='ltr'><em>ueniam</em></span> <span class='ocrx_word' id='word_1_68' title='bbox 1163 1650 1267 1721; x_wconf 70' lang='lat' dir='ltr'><em>petens,</em></span> 
     </span>
     <span class='ocr_line' id='line_1_10' title="bbox 383 1730 1269 1812; baseline 0.002 -23"><span class='ocrx_word' id='word_1_69' title='bbox 383 1731 551 1812; x_wconf 85' lang='lat' dir='ltr'><em>pollicensque</em></span> <span class='ocrx_word' id='word_1_70' title='bbox 556 1731 589 1812; x_wconf 91' lang='lat' dir='ltr'><em>se</em></span> <span class='ocrx_word' id='word_1_71' title='bbox 597 1730 716 1808; x_wconf 87' lang='lat' dir='ltr'><em>puellam</em></span> <span class='ocrx_word' id='word_1_72' title='bbox 729 1751 835 1790; x_wconf 82' lang='lat' dir='ltr'><em>uxorem</em></span> <span class='ocrx_word' id='word_1_73' title='bbox 847 1731 996 1791; x_wconf 76' lang='lat' dir='ltr'><em>dnt‘iuruns.</em></span> <span class='ocrx_word' id='word_1_74' title='bbox 1025 1730 1074 1793; x_wconf 84' lang='lat' dir='ltr'><em>Ea</em></span> <span class='ocrx_word' id='word_1_75' title='bbox 1085 1734 1136 1804; x_wconf 76' lang='lat' dir='ltr'><em>fide</em></span> <span class='ocrx_word' id='word_1_76' title='bbox 1148 1734 1226 1800; x_wconf 88' lang='lat' dir='ltr'><em>data,</em></span> <span class='ocrx_word' id='word_1_77' title='bbox 1240 1737 1269 1791; x_wconf 84' lang='lat' dir='ltr'><em>el</em></span> 
     </span>
     <span class='ocr_line' id='line_1_11' title="bbox 388 1821 1270 1908; baseline -0.001 -22"><span class='ocrx_word' id='word_1_78' title='bbox 388 1829 504 1908; x_wconf 81' lang='lat' dir='ltr'><em>ignotum</em></span> <span class='ocrx_word' id='word_1_79' title='bbox 517 1829 563 1905; x_wconf 87' lang='lat' dir='ltr'><em>est,</em></span> <span class='ocrx_word' id='word_1_80' title='bbox 579 1835 605 1886; x_wconf 87' lang='lat' dir='ltr'><em>et</em></span> <span class='ocrx_word' id='word_1_81' title='bbox 619 1831 742 1888; x_wconf 84' lang='lat' dir='ltr'><em>tacitum.</em></span> <span class='ocrx_word' id='word_1_82' title='bbox 777 1821 901 1904; x_wconf 71' lang='lat' dir='ltr'><em>Ctofipho,</em></span> <span class='ocrx_word' id='word_1_83' title='bbox 915 1845 976 1885; x_wconf 88' lang='lat' dir='ltr'><em>cnm</em></span> <span class='ocrx_word' id='word_1_84' title='bbox 987 1834 1018 1887; x_wconf 87' lang='lat' dir='ltr'><em>in</em></span> <span class='ocrx_word' id='word_1_85' title='bbox 1031 1832 1122 1888; x_wconf 84' lang='lat' dir='ltr'><em>urbem</em></span> <span class='ocrx_word' id='word_1_86' title='bbox 1133 1827 1270 1888; x_wconf 86' lang='lat' dir='ltr'><em>interdum</em></span> 
     </span>
     <span class='ocr_line' id='line_1_12' title="bbox 389 1917 1270 2002; baseline 0.001 -26"><span class='ocrx_word' id='word_1_87' title='bbox 389 1925 546 1992; x_wconf 81' lang='lat' dir='ltr'><em>ventitaret,</em></span> <span class='ocrx_word' id='word_1_88' title='bbox 560 1917 613 2002; x_wconf 87' lang='lat' dir='ltr'><em>ipse</em></span> <span class='ocrx_word' id='word_1_89' title='bbox 621 1939 717 1996; x_wconf 75' lang='lat' dir='ltr'><em>quoque</em></span> <span class='ocrx_word' id='word_1_90' title='bbox 726 1920 906 1996; x_wconf 77' lang='lat' dir='ltr'><em>citharistrias</em></span> <span class='ocrx_word' id='word_1_91' title='bbox 918 1921 1055 2002; x_wconf 69' lang='lat' dir='ltr'><em>cujusdam</em></span> <span class='ocrx_word' id='word_1_92' title='bbox 1067 1939 1157 1981; x_wconf 89' lang='lat' dir='ltr'><em>amore</em></span> <span class='ocrx_word' id='word_1_93' title='bbox 1165 1933 1270 1999; x_wconf 85' lang='lat' dir='ltr'><em>correp·</em></span> 
     </span>
     <span class='ocr_line' id='line_1_13' title="bbox 391 2013 1269 2094; baseline 0.003 -25"><span class='ocrx_word' id='word_1_94' title='bbox 391 2022 431 2071; x_wconf 89' lang='lat' dir='ltr'><em>tus</em></span> <span class='ocrx_word' id='word_1_95' title='bbox 442 2014 484 2089; x_wconf 84' lang='lat' dir='ltr'><em>est.</em></span> <span class='ocrx_word' id='word_1_96' title='bbox 509 2013 609 2074; x_wconf 78' lang='lat' dir='ltr'><em>Totam</em></span> <span class='ocrx_word' id='word_1_97' title='bbox 621 2016 677 2089; x_wconf 84' lang='lat' dir='ltr'><em>ejus</em></span> <span class='ocrx_word' id='word_1_98' title='bbox 687 2019 850 2092; x_wconf 70' lang='lat' dir='ltr'><em>reifitmurm</em></span> <span class='ocrx_word' id='word_1_99' title='bbox 863 2035 897 2072; x_wconf 91' lang='lat' dir='ltr'><em>ne</em></span> <span class='ocrx_word' id='word_1_100' title='bbox 906 2037 960 2090; x_wconf 89' lang='lat' dir='ltr'><em>qua</em></span> <span class='ocrx_word' id='word_1_101' title='bbox 966 2022 1117 2086; x_wconf 88' lang='lat' dir='ltr'><em>emanaret,</em></span> <span class='ocrx_word' id='word_1_102' title='bbox 1132 2039 1165 2075; x_wconf 88' lang='lat' dir='ltr'><em>ac</em></span> <span class='ocrx_word' id='word_1_103' title='bbox 1174 2031 1269 2094; x_wconf 87' lang='lat' dir='ltr'><em>perve-</em></span> 
     </span>
    </p>
   </div>
   <div class='ocr_carea' id='block_1_3' title="bbox 392 2105 1270 2190">
    <p class='ocr_par' dir='ltr' id='par_1_3' title="bbox 392 2105 1270 2190">
     <span class='ocr_line' id='line_1_14' title="bbox 392 2105 1270 2190; baseline 0.01 -29"><span class='ocrx_word' id='word_1_104' title='bbox 392 2109 460 2165; x_wconf 81' lang='lat' dir='ltr'><em>niret</em></span> <span class='ocrx_word' id='word_1_105' title='bbox 474 2110 513 2166; x_wconf 90' lang='lat' dir='ltr'><em>ad</em></span> <span class='ocrx_word' id='word_1_106' title='bbox 519 2107 661 2176; x_wconf 86' lang='lat' dir='ltr'><em>Demeam,</em></span> <span class='ocrx_word' id='word_1_107' title='bbox 672 2107 758 2190; x_wconf 65' lang='lat' dir='ltr'><em>lasese</em></span> <span class='ocrx_word' id='word_1_108' title='bbox 767 2107 911 2188; x_wconf 86' lang='lat' dir='ltr'><em>Aeschinus</em></span> <span class='ocrx_word' id='word_1_109' title='bbox 921 2110 1113 2188; x_wconf 73' lang='lat' dir='ltr'><em>transferebat.</em></span> <span class='ocrx_word' id='word_1_110' title='bbox 1137 2105 1270 2170; x_wconf 71' lang='lat' dir='ltr'><em>Tandem»</em></span> 
     </span>
    </p>
   </div>
   <div class='ocr_carea' id='block_1_4' title="bbox 387 2202 1358 4085">
    <p class='ocr_par' dir='ltr' id='par_1_4' title="bbox 387 2202 1356 3896">
     <span class='ocr_line' id='line_1_15' title="bbox 393 2202 1270 2284; baseline 0.011 -26"><span class='ocrx_word' id='word_1_111' title='bbox 393 2217 469 2277; x_wconf 73' lang='lat' dir='ltr'><em>pssum</em></span> <span class='ocrx_word' id='word_1_112' title='bbox 478 2202 545 2272; x_wconf 85' lang='lat' dir='ltr'><em>leno,</em></span> <span class='ocrx_word' id='word_1_113' title='bbox 561 2203 667 2281; x_wconf 83' lang='lat' dir='ltr'><em>puellae</em></span> <span class='ocrx_word' id='word_1_114' title='bbox 685 2205 813 2270; x_wconf 89' lang='lat' dir='ltr'><em>dominus,</em></span> <span class='ocrx_word' id='word_1_115' title='bbox 828 2213 878 2262; x_wconf 90' lang='lat' dir='ltr'><em>aut</em></span> <span class='ocrx_word' id='word_1_116' title='bbox 891 2207 1034 2280; x_wconf 87' lang='lat' dir='ltr'><em>pecuniam</em></span> <span class='ocrx_word' id='word_1_117' title='bbox 1040 2205 1107 2284; x_wconf 85' lang='lat' dir='ltr'><em>sthl,</em></span> <span class='ocrx_word' id='word_1_118' title='bbox 1128 2212 1226 2283; x_wconf 85' lang='lat' dir='ltr'><em>quanti</em></span> <span class='ocrx_word' id='word_1_119' title='bbox 1237 2228 1270 2268; x_wconf 85' lang='lat' dir='ltr'><em>ea</em></span> 
     </span>
     <span class='ocr_line' id='line_1_16' title="bbox 393 2297 1270 2377; baseline 0.011 -25"><span class='ocrx_word' id='word_1_120' title='bbox 393 2307 461 2365; x_wconf 90' lang='lat' dir='ltr'><em>erat,</em></span> <span class='ocrx_word' id='word_1_121' title='bbox 476 2297 554 2357; x_wconf 84' lang='lat' dir='ltr'><em>uellet</em></span> <span class='ocrx_word' id='word_1_122' title='bbox 564 2301 594 2356; x_wconf 92' lang='lat' dir='ltr'><em>in</em></span> <span class='ocrx_word' id='word_1_123' title='bbox 605 2317 714 2354; x_wconf 88' lang='lat' dir='ltr'><em>manum</em></span> <span class='ocrx_word' id='word_1_124' title='bbox 724 2297 798 2365; x_wconf 84' lang='lat' dir='ltr'><em>dari,</em></span> <span class='ocrx_word' id='word_1_125' title='bbox 807 2307 858 2354; x_wconf 90' lang='lat' dir='ltr'><em>aut</em></span> <span class='ocrx_word' id='word_1_126' title='bbox 862 2297 895 2377; x_wconf 91' lang='lat' dir='ltr'><em>se</em></span> <span class='ocrx_word' id='word_1_127' title='bbox 906 2318 967 2355; x_wconf 82' lang='lat' dir='ltr'><em>eam</em></span> <span class='ocrx_word' id='word_1_128' title='bbox 976 2298 1028 2357; x_wconf 86' lang='lat' dir='ltr'><em>alii</em></span> <span class='ocrx_word' id='word_1_129' title='bbox 1036 2301 1207 2360; x_wconf 82' lang='lat' dir='ltr'><em>venditurum</em></span> <span class='ocrx_word' id='word_1_130' title='bbox 1217 2307 1270 2362; x_wconf 84' lang='lat' dir='ltr'><em>nsi·</em></span> 
     </span>
     <span class='ocr_line' id='line_1_17' title="bbox 394 2385 1330 2481; baseline 0.01 -34"><span class='ocrx_word' id='word_1_131' title='bbox 394 2394 528 2481; x_wconf 80' lang='lat' dir='ltr'><em>niteretur</em></span> <span class='ocrx_word' id='word_1_132' title='bbox 535 2417 549 2460; x_wconf 91' lang='lat'><em>,·</em></span> <span class='ocrx_word' id='word_1_133' title='bbox 572 2391 700 2448; x_wconf 75' lang='lat' dir='ltr'><em>adductius</em></span> <span class='ocrx_word' id='word_1_134' title='bbox 718 2394 748 2448; x_wconf 91' lang='lat' dir='ltr'><em>ln</em></span> <span class='ocrx_word' id='word_1_135' title='bbox 762 2385 898 2465; x_wconf 77' lang='lat' dir='ltr'><em>strumam</em></span> <span class='ocrx_word' id='word_1_136' title='bbox 919 2393 1123 2472; x_wconf 78' lang='lat' dir='ltr'><em>desperationem</em></span> <span class='ocrx_word' id='word_1_137' title='bbox 1146 2397 1271 2475; x_wconf 74' lang='lat' dir='ltr'><em>Ctefipho,</em></span> <span class='ocrx_word' id='word_1_138' title='bbox 1329 2440 1330 2445; x_wconf 19' lang='grc' dir='ltr'><strong>κ</strong></span> 
     </span>
     <span class='ocr_line' id='line_1_18' title="bbox 387 2486 1273 2570; baseline 0.009 -28"><span class='ocrx_word' id='word_1_139' title='bbox 387 2492 448 2542; x_wconf 86' lang='lat' dir='ltr'><em>lans</em></span> <span class='ocrx_word' id='word_1_140' title='bbox 457 2487 488 2542; x_wconf 87' lang='lat' dir='ltr'><em>dc</em></span> <span class='ocrx_word' id='word_1_141' title='bbox 503 2486 676 2560; x_wconf 81' lang='lat' dir='ltr'><em>relinquenda</em></span> <span class='ocrx_word' id='word_1_142' title='bbox 685 2488 784 2561; x_wconf 84' lang='lat' dir='ltr'><em>patria</em></span> <span class='ocrx_word' id='word_1_143' title='bbox 797 2490 951 2565; x_wconf 82' lang='lat' dir='ltr'><em>cogitabat:</em></span> <span class='ocrx_word' id='word_1_144' title='bbox 972 2507 1053 2562; x_wconf 88' lang='lat' dir='ltr'><em>quum</em></span> <span class='ocrx_word' id='word_1_145' title='bbox 1064 2488 1220 2570; x_wconf 81' lang='lat' dir='ltr'><em>Aeschinus,</em></span> <span class='ocrx_word' id='word_1_146' title='bbox 1241 2509 1273 2550; x_wconf 88' lang='lat' dir='ltr'><em>re</em></span> 
     </span>
     <span class='ocr_line' id='line_1_19' title="bbox 394 2577 1282 2661; baseline 0.006 -21"><span class='ocrx_word' id='word_1_147' title='bbox 394 2583 531 2652; x_wconf 77' lang='lat' dir='ltr'><em>intellecta,</em></span> <span class='ocrx_word' id='word_1_148' title='bbox 554 2584 600 2655; x_wconf 87' lang='lat' dir='ltr'><em>qui</em></span> <span class='ocrx_word' id='word_1_149' title='bbox 617 2577 687 2638; x_wconf 84' lang='lat' dir='ltr'><em>nullo</em></span> <span class='ocrx_word' id='word_1_150' title='bbox 707 2599 788 2654; x_wconf 85' lang='lat' dir='ltr'><em>neque</em></span> <span class='ocrx_word' id='word_1_151' title='bbox 802 2581 903 2658; x_wconf 84' lang='lat' dir='ltr'><em>pudore</em></span> <span class='ocrx_word' id='word_1_152' title='bbox 920 2586 1067 2653; x_wconf 71' lang='lat' dir='ltr'><em>teneretur,</em></span> <span class='ocrx_word' id='word_1_153' title='bbox 1088 2603 1169 2661; x_wconf 85' lang='lat' dir='ltr'><em>neque</em></span> <span class='ocrx_word' id='word_1_154' title='bbox 1188 2598 1282 2657; x_wconf 87' lang='lat' dir='ltr'><em>metu,-</em></span> 
     </span>
     <span class='ocr_line' id='line_1_20' title="bbox 395 2677 1273 2761; baseline 0.009 -27"><span class='ocrx_word' id='word_1_155' title='bbox 395 2678 493 2736; x_wconf 87' lang='lat' dir='ltr'><em>domum</em></span> <span class='ocrx_word' id='word_1_156' title='bbox 505 2679 605 2738; x_wconf 85' lang='lat' dir='ltr'><em>lenonis</em></span> <span class='ocrx_word' id='word_1_157' title='bbox 613 2692 665 2756; x_wconf 88' lang='lat' dir='ltr'><em>per</em></span> <span class='ocrx_word' id='word_1_158' title='bbox 678 2681 733 2735; x_wconf 85' lang='lat' dir='ltr'><em>uim</em></span> <span class='ocrx_word' id='word_1_159' title='bbox 750 2679 876 2758; x_wconf 83' lang='lat' dir='ltr'><em>ingresus</em></span> <span class='ocrx_word' id='word_1_160' title='bbox 888 2677 934 2756; x_wconf 81' lang='lat' dir='ltr'><em>est,</em></span> <span class='ocrx_word' id='word_1_161' title='bbox 947 2689 975 2738; x_wconf 92' lang='lat' dir='ltr'><em>et</em></span> <span class='ocrx_word' id='word_1_162' title='bbox 987 2683 1079 2761; x_wconf 64' lang='lat' dir='ltr'><em>hostias,</em></span> <span class='ocrx_word' id='word_1_163' title='bbox 1094 2692 1121 2739; x_wconf 94' lang='lat' dir='ltr'><em>et</em></span> <span class='ocrx_word' id='word_1_164' title='bbox 1127 2680 1273 2760; x_wconf 72' lang='lat' dir='ltr'><em>familiam</em></span> 
     </span>
     <span class='ocr_line' id='line_1_21' title="bbox 394 2771 1271 2854; baseline 0.007 -26"><span class='ocrx_word' id='word_1_165' title='bbox 394 2777 509 2852; x_wconf 81' lang='lat' dir='ltr'><em>&#39;contudit</em></span> <span class='ocrx_word' id='word_1_166' title='bbox 515 2777 626 2854; x_wconf 85' lang='lat' dir='ltr'><em>pugnis,</em></span> <span class='ocrx_word' id='word_1_167' title='bbox 637 2771 803 2848; x_wconf 78' lang='lat' dir='ltr'><em>puellamque</em></span> <span class='ocrx_word' id='word_1_168' title='bbox 807 2786 859 2848; x_wconf 87' lang='lat' dir='ltr'><em>per</em></span> <span class='ocrx_word' id='word_1_169' title='bbox 867 2775 923 2830; x_wconf 80' lang='lat' dir='ltr'><em>aim</em></span> <span class='ocrx_word' id='word_1_170' title='bbox 935 2774 1074 2850; x_wconf 86' lang='lat' dir='ltr'><em>abreptam</em></span> <span class='ocrx_word' id='word_1_171' title='bbox 1082 2776 1200 2833; x_wconf 88' lang='lat' dir='ltr'><em>tradidit</em></span> <span class='ocrx_word' id='word_1_172' title='bbox 1200 2775 1271 2852; x_wconf 75' lang='lat' dir='ltr'><em>sia·</em></span> 
     </span>
     <span class='ocr_line' id='line_1_22' title="bbox 397 2860 1273 2950; baseline -0.003 -22"><span class='ocrx_word' id='word_1_173' title='bbox 397 2872 442 2928; x_wconf 85' lang='lat' dir='ltr'><em>lsi.</em></span> <span class='ocrx_word' id='word_1_174' title='bbox 466 2872 618 2950; x_wconf 85' lang='lat' dir='ltr'><em>Spargitur</em></span> <span class='ocrx_word' id='word_1_175' title='bbox 630 2877 688 2926; x_wconf 87' lang='lat' dir='ltr'><em>tota</em></span> <span class='ocrx_word' id='word_1_176' title='bbox 703 2869 765 2924; x_wconf 91' lang='lat' dir='ltr'><em>urhe</em></span> <span class='ocrx_word' id='word_1_177' title='bbox 778 2885 880 2933; x_wconf 86' lang='lat' dir='ltr'><em>rumor,</em></span> <span class='ocrx_word' id='word_1_178' title='bbox 901 2866 976 2924; x_wconf 84' lang='lat' dir='ltr'><em>uenit</em></span> <span class='ocrx_word' id='word_1_179' title='bbox 990 2860 1103 2936; x_wconf 86' lang='lat' dir='ltr'><em>Demea,</em></span> <span class='ocrx_word' id='word_1_180' title='bbox 1125 2867 1273 2925; x_wconf 87' lang='lat' dir='ltr'><em>Micionem</em></span> 
     </span>
     <span class='ocr_line' id='line_1_23' title="bbox 397 2953 1271 3044; baseline 0 -25"><span class='ocrx_word' id='word_1_181' title='bbox 397 2961 528 3044; x_wconf 82' lang='lat' dir='ltr'><em>ohjsngat,</em></span> <span class='ocrx_word' id='word_1_182' title='bbox 542 2961 682 3027; x_wconf 87' lang='lat' dir='ltr'><em>inclamat,</em></span> <span class='ocrx_word' id='word_1_183' title='bbox 697 2953 812 3036; x_wconf 69' lang='lat' dir='ltr'><em>testatur</em></span> <span class='ocrx_word' id='word_1_184' title='bbox 826 2956 897 3016; x_wconf 89' lang='lat' dir='ltr'><em>Deos</em></span> <span class='ocrx_word' id='word_1_185' title='bbox 908 2969 989 3032; x_wconf 89' lang='lat' dir='ltr'><em>atque</em></span> <span class='ocrx_word' id='word_1_186' title='bbox 1002 2959 1125 3027; x_wconf 75' lang='lat' dir='ltr'><em>hominus,</em></span> <span class='ocrx_word' id='word_1_187' title='bbox 1141 2961 1209 3034; x_wconf 88' lang='lat' dir='ltr'><em>quod</em></span> <span class='ocrx_word' id='word_1_188' title='bbox 1218 2959 1271 3044; x_wconf 76' lang='lat' dir='ltr'><em>dis</em></span> 
     </span>
     <span class='ocr_line' id='line_1_24' title="bbox 388 3047 1277 3136; baseline 0.001 -22"><span class='ocrx_word' id='word_1_189' title='bbox 388 3047 498 3128; x_wconf 80' lang='lat' dir='ltr'><em>solutus,</em></span> <span class='ocrx_word' id='word_1_190' title='bbox 507 3058 579 3134; x_wconf 91' lang='lat' dir='ltr'><em>quod</em></span> <span class='ocrx_word' id='word_1_191' title='bbox 584 3061 775 3133; x_wconf 83' lang='lat' dir='ltr'><em>intemperans,</em></span> <span class='ocrx_word' id='word_1_192' title='bbox 785 3053 853 3130; x_wconf 90' lang='lat' dir='ltr'><em>quod</em></span> <span class='ocrx_word' id='word_1_193' title='bbox 860 3052 973 3136; x_wconf 76' lang='lat' dir='ltr'><em>vinosus,</em></span> <span class='ocrx_word' id='word_1_194' title='bbox 983 3052 1051 3130; x_wconf 89' lang='lat' dir='ltr'><em>quod</em></span> <span class='ocrx_word' id='word_1_195' title='bbox 1050 3052 1196 3132; x_wconf 87' lang='lat' dir='ltr'><em>scortator,</em></span> <span class='ocrx_word' id='word_1_196' title='bbox 1207 3056 1277 3130; x_wconf 81' lang='lat' dir='ltr'><em>quod</em></span> 
     </span>
     <span class='ocr_line' id='line_1_25' title="bbox 398 3143 1273 3232; baseline 0.001 -22"><span class='ocrx_word' id='word_1_197' title='bbox 398 3153 499 3214; x_wconf 82' lang='lat' dir='ltr'><em>nullins&#39;</em></span> <span class='ocrx_word' id='word_1_198' title='bbox 509 3155 590 3212; x_wconf 89' lang='lat' dir='ltr'><em>bonae</em></span> <span class='ocrx_word' id='word_1_199' title='bbox 603 3156 645 3210; x_wconf 90' lang='lat' dir='ltr'><em>rei</em></span> <span class='ocrx_word' id='word_1_200' title='bbox 661 3143 808 3232; x_wconf 85' lang='lat' dir='ltr'><em>Aeschinus</em></span> <span class='ocrx_word' id='word_1_201' title='bbox 818 3151 905 3227; x_wconf 87' lang='lat' dir='ltr'><em>foret,</em></span> <span class='ocrx_word' id='word_1_202' title='bbox 925 3169 1026 3206; x_wconf 89' lang='lat' dir='ltr'><em>omnem</em></span> <span class='ocrx_word' id='word_1_203' title='bbox 1039 3152 1070 3206; x_wconf 88' lang='lat' dir='ltr'><em>in</em></span> <span class='ocrx_word' id='word_1_204' title='bbox 1089 3149 1210 3209; x_wconf 78' lang='lat' dir='ltr'><em>Micione</em></span> <span class='ocrx_word' id='word_1_205' title='bbox 1223 3175 1273 3210; x_wconf 81' lang='lat' dir='ltr'><em>suno</em></span> 
     </span>
     <span class='ocr_line' id='line_1_26' title="bbox 397 3242 1275 3325; baseline 0.002 -21"><span class='ocrx_word' id='word_1_206' title='bbox 397 3247 501 3307; x_wconf 88' lang='lat' dir='ltr'><em>haerere</em></span> <span class='ocrx_word' id='word_1_207' title='bbox 514 3248 630 3325; x_wconf 85' lang='lat' dir='ltr'><em>culpant.</em></span> <span class='ocrx_word' id='word_1_208' title='bbox 653 3245 718 3303; x_wconf 89' lang='lat' dir='ltr'><em>Diis</em></span> <span class='ocrx_word' id='word_1_209' title='bbox 726 3247 840 3324; x_wconf 86' lang='lat' dir='ltr'><em>gratias</em></span> <span class='ocrx_word' id='word_1_210' title='bbox 853 3259 943 3322; x_wconf 85' lang='lat' dir='ltr'><em>agere,</em></span> <span class='ocrx_word' id='word_1_211' title='bbox 956 3245 1024 3318; x_wconf 84' lang='lat' dir='ltr'><em>qued</em></span> <span class='ocrx_word' id='word_1_212' title='bbox 1032 3243 1077 3302; x_wconf 89' lang='lat' dir='ltr'><em>ille</em></span> <span class='ocrx_word' id='word_1_213' title='bbox 1078 3242 1187 3325; x_wconf 81' lang='lat' dir='ltr'><em>saltent,</em></span> <span class='ocrx_word' id='word_1_214' title='bbox 1198 3267 1275 3321; x_wconf 84' lang='lat' dir='ltr'><em>quem</em></span> 
     </span>
     <span class='ocr_line' id='line_1_27' title="bbox 396 3339 1275 3421; baseline 0.001 -24"><span class='ocrx_word' id='word_1_215' title='bbox 396 3341 444 3421; x_wconf 75' lang='lat' dir='ltr'><em>lps&#39;</em></span> <span class='ocrx_word' id='word_1_216' title='bbox 455 3363 521 3400; x_wconf 87' lang='lat' dir='ltr'><em>rure</em></span> <span class='ocrx_word' id='word_1_217' title='bbox 533 3340 650 3408; x_wconf 87' lang='lat' dir='ltr'><em>haberet,</em></span> <span class='ocrx_word' id='word_1_218' title='bbox 656 3342 740 3419; x_wconf 87' lang='lat' dir='ltr'><em>frugi</em></span> <span class='ocrx_word' id='word_1_219' title='bbox 752 3359 786 3396; x_wconf 92' lang='lat' dir='ltr'><em>ac</em></span> <span class='ocrx_word' id='word_1_220' title='bbox 799 3347 948 3414; x_wconf 82' lang='lat' dir='ltr'><em>temperans</em></span> <span class='ocrx_word' id='word_1_221' title='bbox 962 3340 1037 3414; x_wconf 51' lang='lat' dir='ltr'><em>Asea·</em></span> <span class='ocrx_word' id='word_1_222' title='bbox 1058 3343 1100 3395; x_wconf 85' lang='lat' dir='ltr'><em>rei</em></span> <span class='ocrx_word' id='word_1_223' title='bbox 1101 3339 1233 3413; x_wconf 85' lang='lat' dir='ltr'><em>studeret,</em></span> <span class='ocrx_word' id='word_1_224' title='bbox 1247 3350 1275 3398; x_wconf 87' lang='lat' dir='ltr'><em>et</em></span> 
     </span>
     <span class='ocr_line' id='line_1_28' title="bbox 390 3435 1276 3512; baseline 0.001 -20"><span class='ocrx_word' id='word_1_225' title='bbox 390 3440 500 3512; x_wconf 68' lang='lat' dir='ltr'><em>fisrreacs</em></span> <span class='ocrx_word' id='word_1_226' title='bbox 522 3437 634 3495; x_wconf 87' lang='lat' dir='ltr'><em>illarum</em></span> <span class='ocrx_word' id='word_1_227' title='bbox 651 3445 743 3494; x_wconf 85' lang='lat' dir='ltr'><em>rerum</em></span> <span class='ocrx_word' id='word_1_228' title='bbox 755 3435 868 3496; x_wconf 88' lang='lat' dir='ltr'><em>nihilne</em></span> <span class='ocrx_word' id='word_1_229' title='bbox 881 3440 1012 3512; x_wconf 64' lang='lat' dir='ltr'><em>cogitaret</em></span> <span class='ocrx_word' id='word_1_230' title='bbox 1025 3436 1144 3508; x_wconf 86' lang='lat' dir='ltr'><em>quidem:</em></span> <span class='ocrx_word' id='word_1_231' title='bbox 1165 3447 1276 3493; x_wconf 85' lang='lat' dir='ltr'><em>tautum</em></span> 
     </span>
     <span class='ocr_line' id='line_1_29' title="bbox 399 3529 1276 3611; baseline 0 -21"><span class='ocrx_word' id='word_1_232' title='bbox 399 3533 515 3592; x_wconf 83' lang='lat' dir='ltr'><em>videlicet</em></span> <span class='ocrx_word' id='word_1_233' title='bbox 527 3533 644 3608; x_wconf 82' lang='lat' dir='ltr'><em>interese</em></span> <span class='ocrx_word' id='word_1_234' title='bbox 656 3534 729 3588; x_wconf 90' lang='lat' dir='ltr'><em>inter</em></span> <span class='ocrx_word' id='word_1_235' title='bbox 733 3531 815 3611; x_wconf 88' lang='lat' dir='ltr'><em>suam</em></span> <span class='ocrx_word' id='word_1_236' title='bbox 828 3543 854 3589; x_wconf 90' lang='lat' dir='ltr'><em>et</em></span> <span class='ocrx_word' id='word_1_237' title='bbox 862 3533 962 3602; x_wconf 75' lang='lat' dir='ltr'><em>sbatris</em></span> <span class='ocrx_word' id='word_1_238' title='bbox 978 3529 1159 3610; x_wconf 73' lang='lat' dir='ltr'><em>disciplinante!</em></span> <span class='ocrx_word' id='word_1_239' title='bbox 1173 3529 1276 3591; x_wconf 87' lang='lat' dir='ltr'><em>Placal</em></span> 
     </span>
     <span class='ocr_line' id='line_1_30' title="bbox 400 3622 1274 3708; baseline -0.006 -22"><span class='ocrx_word' id='word_1_240' title='bbox 400 3627 532 3696; x_wconf 81' lang='lat' dir='ltr'><em>hominene,</em></span> <span class='ocrx_word' id='word_1_241' title='bbox 547 3637 678 3703; x_wconf 86' lang='lat' dir='ltr'><em>quantum</em></span> <span class='ocrx_word' id='word_1_242' title='bbox 691 3630 721 3684; x_wconf 92' lang='lat' dir='ltr'><em>in</em></span> <span class='ocrx_word' id='word_1_243' title='bbox 727 3625 758 3708; x_wconf 76' lang='lat' dir='ltr'><em>si</em></span> <span class='ocrx_word' id='word_1_244' title='bbox 771 3625 814 3702; x_wconf 78' lang='lat' dir='ltr'><em>cst,</em></span> <span class='ocrx_word' id='word_1_245' title='bbox 830 3623 936 3685; x_wconf 88' lang='lat' dir='ltr'><em>Micio:</em></span> <span class='ocrx_word' id='word_1_246' title='bbox 949 3622 1098 3704; x_wconf 74' lang='lat' dir='ltr'><em>jarssqrsess</em></span> <span class='ocrx_word' id='word_1_247' title='bbox 1111 3625 1145 3681; x_wconf 92' lang='lat' dir='ltr'><em>ah</em></span> <span class='ocrx_word' id='word_1_248' title='bbox 1158 3645 1185 3681; x_wconf 90' lang='lat' dir='ltr'><em>eo</em></span> <span class='ocrx_word' id='word_1_249' title='bbox 1198 3640 1274 3702; x_wconf 81' lang='lat' dir='ltr'><em>expe·</em></span> 
     </span>
     <span class='ocr_line' id='line_1_31' title="bbox 399 3716 1356 3804; baseline -0.006 -24"><span class='ocrx_word' id='word_1_250' title='bbox 399 3723 513 3792; x_wconf 82' lang='lat' dir='ltr'><em>diverat,</em></span> <span class='ocrx_word' id='word_1_251' title='bbox 527 3717 768 3804; x_wconf 72' lang='lat' dir='ltr'><em>quumfispcruenit</em></span> <span class='ocrx_word' id='word_1_252' title='bbox 782 3721 867 3788; x_wconf 87' lang='lat' dir='ltr'><em>aliud,</em></span> <span class='ocrx_word' id='word_1_253' title='bbox 882 3720 950 3795; x_wconf 86' lang='lat' dir='ltr'><em>quod</em></span> <span class='ocrx_word' id='word_1_254' title='bbox 961 3719 1072 3791; x_wconf 76' lang='lat' dir='ltr'><em>rosajores</em></span> <span class='ocrx_word' id='word_1_255' title='bbox 1083 3716 1274 3778; x_wconf 81' lang='lat' dir='ltr'><em>etiamtumul-</em></span> <span class='ocrx_word' id='word_1_256' title='bbox 1341 3728 1356 3774; x_wconf 61' lang='grc' dir='ltr'>ἵ</span> 
     </span>
     <span class='ocr_line' id='line_1_32' title="bbox 400 3805 1284 3896; baseline -0.005 -22"><span class='ocrx_word' id='word_1_257' title='bbox 400 3827 440 3877; x_wconf 85' lang='lat' dir='ltr'><em>lus</em></span> <span class='ocrx_word' id='word_1_258' title='bbox 450 3824 575 3878; x_wconf 82' lang='lat' dir='ltr'><em>exilaret.</em></span> <span class='ocrx_word' id='word_1_259' title='bbox 597 3805 719 3896; x_wconf 81' lang='lat' dir='ltr'><em>Raptam</em></span> <span class='ocrx_word' id='word_1_260' title='bbox 732 3819 766 3874; x_wconf 89' lang='lat' dir='ltr'><em>ah</em></span> <span class='ocrx_word' id='word_1_261' title='bbox 781 3816 907 3895; x_wconf 84' lang='lat' dir='ltr'><em>Aeschino</em></span> <span class='ocrx_word' id='word_1_262' title='bbox 920 3811 1124 3886; x_wconf 83' lang='lat' dir='ltr'><em>citharistrianr‚</em></span> <span class='ocrx_word' id='word_1_263' title='bbox 1135 3812 1284 3889; x_wconf 69' lang='lat' dir='ltr'><em>persistur‘</em></span> 
     </span>
    </p>

    <p class='ocr_par' dir='ltr' id='par_1_5' title="bbox 396 3907 1358 4085">
     <span class='ocr_line' id='line_1_33' title="bbox 400 3907 1358 3990; baseline -0.009 -21"><span class='ocrx_word' id='word_1_264' title='bbox 400 3915 436 3970; x_wconf 84' lang='lat' dir='ltr'><em>ad</em></span> <span class='ocrx_word' id='word_1_265' title='bbox 446 3927 560 3974; x_wconf 84' lang='lat' dir='ltr'><em>nsatresu</em></span> <span class='ocrx_word' id='word_1_266' title='bbox 571 3911 748 3990; x_wconf 66' lang='lat' dir='ltr'><em>Pamphilius</em></span> <span class='ocrx_word' id='word_1_267' title='bbox 764 3933 831 3985; x_wconf 82' lang='lat' dir='ltr'><em>quae</em></span> <span class='ocrx_word' id='word_1_268' title='bbox 841 3911 945 3984; x_wconf 84' lang='lat' dir='ltr'><em>quidem</em></span> <span class='ocrx_word' id='word_1_269' title='bbox 957 3909 1100 3984; x_wconf 78' lang='lat' dir='ltr'><em>Parosphihs</em></span> <span class='ocrx_word' id='word_1_270' title='bbox 1114 3911 1157 3965; x_wconf 89' lang='lat' dir='ltr'><em>ita</em></span> <span class='ocrx_word' id='word_1_271' title='bbox 1167 3918 1229 3966; x_wconf 87' lang='lat' dir='ltr'><em>erat</em></span> <span class='ocrx_word' id='word_1_272' title='bbox 1240 3907 1280 3964; x_wconf 84' lang='lat' dir='ltr'><em>ad</em></span> <span class='ocrx_word' id='word_1_273' title='bbox 1350 3920 1358 3960; x_wconf 75' lang='grc' dir='ltr'><em>ἕ.</em></span> 
     </span>
     <span class='ocr_line' id='line_1_34' title="bbox 396 3989 1277 4085; baseline -0.012 -17"><span class='ocrx_word' id='word_1_274' title='bbox 396 4013 553 4085; x_wconf 88' lang='lat' dir='ltr'><em>pariendum</em></span> <span class='ocrx_word' id='word_1_275' title='bbox 565 4012 667 4076; x_wconf 85' lang='lat' dir='ltr'><em>vicina,</em></span> <span class='ocrx_word' id='word_1_276' title='bbox 682 4007 785 4080; x_wconf 83' lang='lat' dir='ltr'><em>estjam</em></span> <span class='ocrx_word' id='word_1_277' title='bbox 795 4005 902 4064; x_wconf 86' lang='lat' dir='ltr'><em>edolare</em></span> <span class='ocrx_word' id='word_1_278' title='bbox 914 4006 1059 4062; x_wconf 82' lang='lat' dir='ltr'><em>laboraret.</em></span> <span class='ocrx_word' id='word_1_279' title='bbox 1084 3989 1277 4078; x_wconf 59' lang='lat' dir='ltr'><em>Qquidfioceret</em></span> 
     </span>
    </p>
   </div>
   <div class='ocr_carea' id='block_1_5' title="bbox 402 4095 1376 4184">
    <p class='ocr_par' dir='ltr' id='par_1_6' title="bbox 402 4095 1376 4184">
     <span class='ocr_line' id='line_1_35' title="bbox 402 4095 1376 4184; baseline -0.011 -24"><span class='ocrx_word' id='word_1_280' title='bbox 402 4105 515 4184; x_wconf 77' lang='lat' dir='ltr'><em>tressera?</em></span> <span class='ocrx_word' id='word_1_281' title='bbox 534 4115 671 4166; x_wconf 84' lang='lat' dir='ltr'><em>mutatum</em></span> <span class='ocrx_word' id='word_1_282' title='bbox 691 4098 816 4184; x_wconf 84' lang='lat' dir='ltr'><em>Aeschini</em></span> <span class='ocrx_word' id='word_1_283' title='bbox 839 4101 970 4168; x_wconf 81' lang='lat' dir='ltr'><em>unionum,</em></span> <span class='ocrx_word' id='word_1_284' title='bbox 990 4095 1023 4179; x_wconf 76' lang='lat' dir='ltr'><em>fi</em></span> <span class='ocrx_word' id='word_1_285' title='bbox 1045 4101 1116 4164; x_wconf 83' lang='lat' dir='ltr'><em>uero,</em></span> <span class='ocrx_word' id='word_1_286' title='bbox 1135 4095 1278 4173; x_wconf 80' lang='lat' dir='ltr'><em>filiamque</em></span> <span class='ocrx_word' id='word_1_287' title='bbox 1374 4146 1376 4151; x_wconf 89' lang='grc'>,</span> 
     </span>
    </p>
   </div>
   <div class='ocr_carea' id='block_1_6' title="bbox 834 4193 865 4252">
    <p class='ocr_par' dir='ltr' id='par_1_7' title="bbox 834 4193 865 4252">
     <span class='ocr_line' id='line_1_36' title="bbox 834 4193 865 4252; baseline 0 0"><span class='ocrx_word' id='word_1_288' title='bbox 834 4193 865 4252; x_wconf 92' lang='lat' dir='ltr'>U</span> 
     </span>
    </p>
   </div>
   <div class='ocr_carea' id='block_1_7' title="bbox 0 0 1876 5259">
    <p class='ocr_par' dir='ltr' id='par_1_8' title="bbox 0 0 1876 5259">
     <span class='ocr_line' id='line_1_37' title="bbox 0 0 1876 5259; baseline 0 0"><span class='ocrx_word' id='word_1_289' title='bbox 0 0 1876 5259; x_wconf 95' lang='lat' dir='ltr'><em> </em></span> 
     </span>
    </p>
   </div>
  </div>
 </body>
</html>
