3700 5259
578 826 844 880 Ac'rusm.
895 830 1159 881 scuuAm.
1273 846 1305 899 11

550 966 749 1051 Αετύε
785 988 847 1049 111.
894 990 1086 1053 scuuA
1121 990 1183 1053 111.

643 1112 786 1179 slu'o.
820 1127 1094 1179 cuuuuue.

444 1272 448 1279 ·
811 1252 915 1293 ΝΜΟ·
992 1250 998 1261 “

425 1330 591 1408 JUBEO
609 1330 798 1390 Chremetem.
832 1327 881 1386 Cb.
901 1325 947 1385 0!
971 1338 1000 1385 te
1017 1326 1107 1407 ipsum
1125 1331 1303 1409 quaerebam.

550 1429 592 1485 Si.
607 1426 648 1483 Et
657 1445 713 1507 ego
722 1437 762 1482 te.
785 1422 835 1481 Ch.
850 1422 963 1501 Optato
972 1423 1095 1482 advenis.

421 1521 554 1600 Aliquot
562 1542 607 1580 me
613 1521 716 1587 adiere,
722 1538 756 1576 ex
766 1530 796 1575 te
804 1514 933 1574 auditum
942 1516 991 1595 qui
999 1518 1121 1595 ejebnnt,
1127 1517 1304 1579 hodiefiliam

423 1617 524 1676 Meam
533 1616 637 1675 nubere
644 1618 697 1673 tuo'
705 1624 811 1695 gauto:
834 1611 1115 1682 ideisutun',auilli
1132 1613 1279 1675 insminu

424 1714 467 1770 Si.
482 1709 625 1791 Ausculea
641 1706 754 1787 paucis:
775 1717 806 1763 et
818 1704 890 1783 quid
904 1724 961 1787 ego
979 1719 1008 1765 te
1022 1705 1115 1779 velim,
1135 1721 1166 1766 et
1178 1722 1211 1769 tu
1223 1711 1319 1789 quod,

549 1803 671 1883 quaeris,
686 1800 764 1859 scies.

400 1974 403 1979 .
423 1903 475 1963 ch.
491 1899 649 1959 Ausculto:
671 1896 787 1973 loquere
795 1893 865 1974 quid
873 1893 951 1955 velie.
1283 1918 1301 1979 5

422 2000 468 2056 Si.
481 1994 538 2053 Per
545 2016 601 2076 ego
611 2006 640 2050 te
648 1991 729 2050 Deo·
737 2007 798 2061 oro,
808 2000 838 2047 et
847 1988 968 2047 nostram
978 1987 1142 2058 unicium,
1151 1988 1283 2059 Chreme,

419 2083 769 2177 Qaeincepteaparvie,
782 2102 847 2139 cum
857 2095 950 2141 aetate
960 2084 1083 2143 edcreut
1092 2082 1187 2145 fimulz
1233 2088 1242 2111 “
1288 2082 1294 2091 ’

423 2184 539 2260 Perque
546 2182 657 2240 unicam
667 2190 783 2259 gnatam
791 2187 882 2243 tuam,
889 2188 919 2233 et
927 2188 1045 2257 gnatum
1057 2198 1160 2251 meum,
1179 2192 1182 2203 ’

422 2277 517 2354 Cujus
531 2273 585 2331 tibi
595 2270 715 2351 potestas
726 2266 832 2325 summa
839 2266 963 2325 servandi
972 2269 1071 2329 detur:

420 2372 468 2429 Ut
479 2390 525 2425 me
536 2369 646 2445 adjuves
656 2366 684 2423 in
692 2364 745 2421 hac
756 2382 800 2421 re:
817 2375 903 2439 atque
916 2362 968 2433 ita,
979 2378 1011 2422 ut
1022 2365 1138 2443 nuptiae
1264 2384 1301 2429 10

421 2461 770 2530 fuerantfixturaufiaut.
792 2459 842 2517 Ch.
851 2456 915 2526 Ah,
930 2480 964 2519 ne
972 2478 1019 2544 une
1029 2458 1158 2519 obsecra:

420 2551 1119 2645 Qafihocteoreuduumeimpetnreoporteat.
1227 2606 1229 2611 .

419 2653 529 2712 Alium
538 2652 591 2711 effe
599 2650 692 2711 censeo
699 2670 774 2712 uuuc
785 2668 842 2717 me,
851 2662 938 2726 atque
946 2646 1015 2709 olim
1023 2668 1112 2726 quum
1125 2645 1246 2709 daban?

417 2749 453 2809 Si
462 2748 494 2806 in
502 2768 563 2806 rem
574 2748 612 2806 est
620 2747 744 2825 utrique,
755 2758 789 2803 ut
800 2745 881 2813 fiant,
895 2743 987 2803 arceffi
992 2744 1070 2824 jube.

418 2842 637 2903 sedfiexeare
646 2840 710 2920 plus
720 2838 787 2898 mali
796 2836 840 2907 Ἢ,
854 2858 939 2914 quam
950 2837 1091 2896 commodi
1265 2852 1300 2914 15

417 2935 559 3013 Utrique,
570 2935 601 2995 id
608 2958 659 2994 oro
669 2948 709 3003 te,
717 2932 746 2991 in
754 2951 901 2991 commuue
911 2946 945 2993 ut
955 2931 1100 2992 consultus

416 3029 509 3113 Qafi
518 3028 566 3086 illa
576 3043 626 3088 tua
634 3030 679 3099 fit,
689 3024 888 3105 Pamphilique
899 3046 955 3109 ego
965 3028 1014 3085 fim
1024 3039 1116 3105 pater.

418 3126 463 3183 Si.
482 3124 546 3181 Imo
554 3122 595 3182 ita
603 3123 678 3196 volo,
689 3122 786 3198 itaque
796 3122 915 3199 postulo,
924 3136 958 3181 ut
968 3122 1029 3194 fiat,
1040 3122 1178 3183 Chremee

416 3217 664 3296 Nequepostulem
672 3216 770 3284 abste,
780 3214 828 3273 nifi
837 3215 896 3293 ipsa
904 3236 947 3275 ree
957 3229 1078 3275 moueat.
1102 3212 1301 3300 ChQidest?

418 3316 464 3372 Si.
476 3314 540 3371 Irae
548 3312 611 3371 sunt
621 3312 694 3369 iuter
702 3309 870 3388 Glycerium
880 3324 910 3369 et
920 3325 1048 3391 gnatum.
1074 3312 1122 3371 Ch.
1131 3310 1241 3369 Audio.
1261 3330 1300 3371 20

418 3410 463 3471 Si.
478 3408 526 3465 Ita
536 3428 665 3489 magnae,
679 3419 712 3464 ut
725 3404 831 3483 sperem
841 3405 916 3485 poffe
930 3407 1020 3466 avelli.
1044 3408 1093 3467 Ch.
1104 3406 1240 3465 Fabulae.
1318 3423 1320 3433 ¹

417 3504 462 3562 Si.
475 3500 607 3560 Ρτοῐεᾶο
619 3501 657 3559 fic
666 3499 715 3558 est.
737 3499 786 3559 Ch.
796 3499 844 3559 sic
856 3501 961 3572 hercle,
975 3516 1009 3561 ut
1021 3502 1114 3561 dicam
1125 3500 1197 3561 tibi:

418 3595 592 3655 Amantium
601 3594 669 3664 irae,
682 3593 786 3652 amoris
798 3593 954 3677 integratio
964 3597 1006 3655 ’st.
1165 3618 1168 3623 ·

418 3691 464 3768 δι’.
476 3686 566 3759 Hem,
580 3688 611 3748 id
623 3702 653 3746 te
664 3708 728 3756 oro,
741 3700 852 3751 utfante
865 3710 972 3761 eumue,
987 3691 1054 3753 dum
1068 3702 1178 3768 tempus
1192 3688 1288 3760 datur,

419 3784 560 3860 Dumque
573 3785 631 3862 ejus
645 3781 734 3844 libido
748 3782 857 3842 occlusa
868 3786 900 3843 'st
911 3784 1104 3845 contumeliis:
1262 3805 1277 3843 2
1280 3803 1299 3865 5

419 3876 504 3937 Prius
518 3898 604 3955 quam
616 3878 717 3937 harum
726 3877 839 3948 scelera,
853 3893 882 3938 et
895 3879 1036 3941 lacrumae
1050 3879 1187 3945 coufieeae
1197 3880 1280 3955 dolis,

423 3973 572 4036 Reducunt
585 3974 709 4033 animum
719 3988 868 4057 aegrotum
880 3978 918 4034 ad
932 3974 1159 4047 misericordiam,

421 4056 550 4131 Uxorem
560 4070 666 4131 demus.
687 4070 767 4151 spero
778 4070 977 4133 cousuetudine
1101 4134 1103 4138 .

827 4165 858 4222 D
881 4183 897 4225 2
