3700 5259
551 834 733 892 Aenus
768 842 810 891 ιιι.
855 836 1038 891 scaun
1073 843 1120 893 ιιι.
1219 839 1267 904 αις

381 946 548 1010 Studiorum
561 950 686 1010 istorum.
707 952 777 1010 haec
787 950 857 1010 mihi
868 972 942 1011 nunc
951 971 1019 1010 cura
1030 951 1069 1011 est
1079 949 1219 1023 maioma,
1231 968 1265 1012 ut

505 1045 598 1104 necui
613 1065 691 1102 meae
1229 1065 1264 1122 ¹9

382 1139 596 1222 Longinquitas
609 1139 709 1198 aetatis
723 1139 825 1210 obstet,
839 1154 993 1200 mortemve
1007 1139 1148 1219 exspesiet
1164 1160 1265 1199 meam.

382 1235 445 1294 Hic
452 1235 531 1294 video
538 1257 582 1294 me
591 1235 640 1294 esse
650 1235 765 1294 invisam
773 1235 929 1296 immerito:
941 1249 1053 1314 tempus
1060 1234 1098 1293 est
1103 1235 1264 1293 concedere.

381 1329 432 1390 Sic
442 1331 558 1410 optime,
573 1346 606 1390 ut
619 1342 673 1415 ego
687 1319 799 1412 opinor,
813 1337 908 1391 omnes
922 1330 1018 1390 causas
1028 1328 1187 1410 praecidam
1201 1330 1261 1386 οἰιι-

505 1423 603 1484 nibus:

381 1517 425 1575 Et
439 1535 482 1577 me
496 1517 550 1574 h'uc
564 1515 718 1595 suspicione
732 1515 880 1585 exsoivam,
895 1528 924 1574 et
937 1513 993 1572 illia
1004 1535 1109 1572 morem
1120 1513 1236 1595 gesseroa

382 1612 450 1672 Sine
463 1632 518 1682 me,
532 1612 658 1682 obsecro,
677 1612 731 1670 hoc
745 1610 878 1692 effugere,
892 1607 993 1689 volgus
1007 1608 1086 1685 quod
1098 1605 1171 1666 male
1184 1607 1266 1666 audit

505 1707 662 1768 mulierum.

381 1806 439 1862 Pa.
454 1804 550 1887 Qum
572 1802 730 1862 fortunatus
752 1800 868 1860 caeteris
888 1799 1062 1869 sumebas,
1082 1796 1187 1876 absque
1206 1805 1263 1854 uua

502 1897 555 1956 hac
565 1896 655 1956 forcti
1224 1909 1239 1948 2
1243 1903 1262 1966 ς

381 1991 470 2050 Hanc
483 2006 602 2051 matrem
615 1993 720 2052 habena
739 1989 836 2060 talem,
856 1988 936 2048 illam
948 2002 1043 2049 autem
1060 1991 1191 2048 uxorem!
1216 1988 1263 2046 So·

504 2088 639 2158 Obsecro,
654 2088 692 2146 mi
705 2085 867 2166 Pamphilu
884 2159 887 2164 Ι

380 2173 449 2242 Non
462 2195 523 2240 tute
537 2180 742 2240 incommodam
755 2201 825 2250 rem,
840 2192 872 2238 ut
886 2200 1015 2260 quaeque
1025 2178 1074 2250 est,
1094 2177 1124 2238 in
1138 2176 1262 2237 animum

503 2275 617 2350 inducas
632 2275 711 2354 pati?

380 2372 413 2432 Si
420 2386 529 2432 caetera
540 2371 603 2430 sunt
610 2371 661 2442 ita,
669 2384 701 2430 ut
709 2349 762 2440 uis,x
769 2370 865 2448 itaque
872 2383 904 2428 ut
912 2370 962 2428 esse
969 2390 1024 2450 ego
1032 2363 1109 2426 illam
1117 2365 1262 2436 existumo,

379 2468 425 2528 Mi
433 2483 531 2552 gnate,
546 2469 581 2526 da
595 2468 702 2526 veniam
716 2467 789 2524 hanc
804 2466 888 2526 mihi:
911 2468 1012 2526 reduce
1025 2464 1112 2523 illam.
1135 2465 1191 2522 Pa.
1200 2462 1263 2520 Vae

503 2561 602 2620 misero
617 2560 700 2619 mihi!

380 2657 425 2716 So.
438 2656 479 2714 Et
493 2655 562 2714 mihi
577 2655 706 2735 quidem!
734 2675 798 2712 nam
812 2654 880 2712 haec
894 2675 938 2713 rea
958 2675 1014 2712 non
1028 2651 1118 2712 minua
1133 2671 1177 2710 me
1191 2644 1264 2708 male

449 2755 453 2762 '
501 2749 599 2820 habet,
614 2767 699 2828 quam
712 2761 752 2820 te,
767 2761 854 2830 gnate
864 2743 913 2806 mi.
1225 2764 1264 2824 30

512 2909 710 2972 ACTUS
746 2912 799 2970 IV.
843 2907 1037 2970 SCENA
1071 2908 1133 2966 111.

438 3035 625 3084 LACHES.
656 3030 1201 3082 SOSTRATA.PAMPH1LUS.

738 3141 894 3182 LACBES.

378 3216 448 3304 Q]
457 3216 527 3276 EM
540 3237 604 3278 cum
612 3218 680 3276 istoc
691 3216 845 3276 sermonem
852 3214 995 3286 habueris,
1005 3214 1105 3294 procul
1115 3215 1181 3276 hinc
1189 3214 1262 3276 stane

503 3313 609 3392 accepi,
623 3335 704 3372 uxor.

381 3407 457 3468 Istuc
470 3408 508 3466 est
523 3409 627 3488 sapere,
642 3409 703 3488 qui,
717 3407 888 3485 ubicumque
902 3429 974 3486 opus
988 3407 1033 3476 sit,
1047 3406 1169 3464 animum
1179 3402 1262 3483 poffia

379 3503 638 3684 Qodfafdiuiindrddn
649 3593 761 3654 sortasse
770 3593 803 3652 fit
813 3593 884 3673 post,
896 3591 970 3650 idem
978 3591 1033 3649 hoc
1044 3609 1118 3650 nunc
1126 3592 1145 3650 fi
1154 3591 1262 3652 feceris.

381 3695 426 3752 So.
439 3691 510 3749 Fors
521 3691 582 3750 suat
592 3691 656 3770 pol!
680 3691 736 3750 La.
748 3687 811 3748 Abi
821 3709 867 3748 ruo
883 3707 954 3770 ergo
964 3685 1048 3743 hinc:
1062 3684 1102 3743 ibi
1112 3702 1166 3768 ego
1180 3700 1220 3757 te,
1234 3700 1264 3745 et

506 3801 539 3847 tu
553 3809 596 3846 me
607 3787 688 3847 seres.

379 3885 426 3942 So.
439 3883 529 3962 Spero
551 3882 665 3940 ecastor.
686 3881 743 3940 La.
760 3879 775 3938 Ι
790 3899 860 3960 ergo
873 3876 961 3946 intro,
981 3888 1011 3932 et
1023 3893 1171 3954 compone,
1190 3899 1265 3957 quae

502 3989 597 4033 tecum
607 3973 686 4032 simul
1244 3996 1263 4053 5

380 4072 538 4166 Ferantur.¹
552 4069 621 4129 dixi.
643 4071 687 4128 So.
701 4067 748 4129 Ita
759 4065 892 4144 utjubes,
906 4063 1017 4123 faciam.
1040 4067 1096 4124 Pa.
1108 4067 1202 4128 Pater.

793 4163 817 4221 F
838 4163 854 4220 f
