3700 5259
552 796 584 842 tt
810 782 1127 837 Aunnrn.

546 888 666 978 Qrodli
676 891 720 960 fit,
730 907 815 969 pereo
825 889 962 950 funditur.

546 989 662 1049 Adeon’
682 987 826 1046 hominem
842 986 893 1045 elle
913 988 1096 1063 invenustum,
1117 1005 1167 1051 aut
1181 990 1318 1051 infelicem
1332 1016 1425 1073 quen-

666 1098 763 1159 quam,
776 1094 809 1138 ut
822 1100 878 1161 ego
891 1080 966 1139 sum!
981 1103 984 1113 ·

546 1172 623 1232 Proh
634 1174 731 1232 Dedtn
741 1175 827 1251 atque
835 1173 981 1233 hominum
994 1178 1094 1237 fidem!

535 1268 664 1329 'Nullon'
672 1290 727 1350 ego
735 1268 893 1329 Chremetis
902 1272 987 1348 padio
996 1274 1169 1334 adfinitatem
1177 1276 1299 1359 effugere
1307 1276 1426 1355 potero?

542 1362 626 1451 Qot'
640 1364 730 1421 modin
744 1344 934 1443 contelnptue,
954 1366 1080 1445 spretus?
1099 1369 1184 1439 feda,
1200 1370 1339 1428 transado
1355 1392 1421 1427 om·
1441 1434 1444 1445 ¹

665 1459 719 1516 nia.
737 1458 817 1515 hem!
1308 1490 1315 1501 ·

545 1552 721 1633 Repudiatus
741 1569 863 1635 repeton.
891 1556 1091 1633 quamobrem?
1116 1558 1165 1617 nifi
1184 1560 1203 1617 fi
1223 1558 1253 1617 id
1270 1558 1319 1629 est,
1340 1560 1424 1639 quod

662 1649 792 1728 suspicor.

541 1744 667 1825 Aliquid
680 1745 792 1804 monstri
803 1745 897 1804 aluutr
923 1766 956 1804 eu
970 1746 1103 1825 quonium
1118 1746 1220 1805 nemini
1233 1746 1347 1805 obtrudi
1362 1768 1419 1827 por
1546 1817 1550 1826 Ι

662 1840 725 1910 tell,
1382 1860 1395 1899 1
1402 1854 1419 1919 ς

542 1937 606 1997 Itur
619 1936 656 1995 ad
669 1956 722 1995 me.
737 2012 740 2019 Ι
753 1938 816 2013 My.
828 1935 932 1995 Oratio
950 1935 1019 1993 haec
1039 1954 1083 1994 me
1101 1930 1229 1993 miseram
1248 1933 1420 1995 exanimavit

661 2043 747 2087 metu.

540 2128 596 2185 Pa.
607 2122 682 2181 Nam
697 2124 766 2201 quid
774 2142 829 2205 ego
841 2136 913 2182 nunc
927 2122 1018 2182 dicam
1029 2125 1063 2181 de
1073 2123 1172 2201 patre?
1185 2121 1236 2179 ah!
1287 2150 1288 2155 κ

537 2218 697 2277 Tantamne
708 2238 766 2275 rem
776 2230 835 2275 tam
846 2219 1023 2301 negligenter
1034 2218 1136 2299 agere?
1148 2216 1318 2295 praeteriens
1329 2218 1417 2279 modo

537 2313 614 2375 Mihi
627 2316 704 2395 apud
714 2312 817 2382 forum,
831 2334 903 2372 uxor
918 2316 972 2375 tibi
986 2317 1112 2374 ducende
1126 2316 1170 2385 'st‚
1185 2313 1341 2393 Pamphile,
1359 2314 1415 2373 ho·

657 2411 714 2481 die,
727 2410 831 2487 inquit,
842 2430 926 2487 para;

535 2505 599 2567 Abi
608 2506 732 2564 domum.
769 2504 805 2562 Id
817 2504 887 2563 mihi
897 2500 969 2563 visus
984 2504 1022 2563 est
1032 2503 1137 2575 dicere„
1148 2504 1212 2563 Abi
1226 2504 1296 2574 cito,
1313 2517 1341 2562 et
1354 2502 1413 2563 sus·

656 2597 746 2676 pende
755 2608 795 2653 te.
1371 2616 1414 2658 20

535 2690 687 2772 Obstupui.
708 2689 816 2748 censen'
829 2686 918 2748 ullum
929 2710 973 2747 me
986 2690 1101 2749 verbum
1114 2686 1231 2768 potuilie
1241 2688 1394 2768 proloqui?

534 2792 601 2854 Aut
617 2787 704 2850 ullam
723 2784 844 2855 causam,
862 2784 987 2863 ineptam
1007 2784 1114 2855 saltem,
1138 2782 1245 2854 falsam,
1266 2774 1432 2861 iniquam-³·

654 2882 798 2943 obmutui.
929 2940 932 2946 ,
1336 2900 1340 2907 ·

531 2980 657 3066 Qodsr
674 3000 730 3060 ego
745 2976 877 3036 resciss'em
898 2976 929 3035 id
949 2976 1043 3057 prius3
1067 2975 1137 3054 quid
1155 2972 1286 3043 facerem,
1306 2972 1326 3031 fi
1344 2974 1410 3053 quit

652 3094 725 3132 nunc
734 3096 779 3131 me
793 3075 893 3155 roget?
1457 3080 1459 3083 ’

531 3166 656 3248 Aliquid
669 3166 799 3236 facerem,
813 3182 844 3226 ut
856 3168 911 3226 hoc
925 3186 959 3227 ne
970 3168 1099 3247 facerem.
1120 3166 1250 3229 sed'nunc
1266 3163 1336 3248 quid
1348 3164 1409 3249 pri·

651 3280 728 3321 mum
736 3263 875 3339 exequar?

528 3359 591 3422 Tot
610 3378 655 3417 me
673 3356 830 3436 impediunt
847 3374 941 3426 curae,
961 3376 1033 3435 quae
1048 3375 1141 3417 meum
1158 3358 1282 3417 animum
1299 3356 1407 3417 divorse

648 3450 782 3508 trahunt:
1368 3472 1384 3513 2
1389 3472 1406 3535 ς

528 3543 633 3615 Amor,
644 3543 831 3604 misericordia
841 3546 935 3624 hujus,
951 3544 1110 3623 nuptiarum
1125 3544 1299 3605 sollicitudo:

528 3640 606 3701 Tum
618 3640 707 3720 patrie
720 3640 822 3719 pudor,
837 3639 886 3717 qui
901 3658 945 3697 me
955 3652 1014 3697 tam
1028 3639 1084 3698 leni
1097 3639 1187 3717 pallus
1202 3636 1240 3698 est
1254 3639 1347 3697 animo
1358 3638 1403 3720 us·

648 3757 703 3813 que
714 3736 816 3804 adhuc,

525 3830 609 3912 ,Qae
620 3850 682 3887 meo
695 3849 805 3905 cunque
819 3827 911 3886 animo
924 3814 1047 3887 lubitum
1059 3828 1101 3899 ¹st,
1113 3828 1218 3888 facere:
1235 3828 1290 3887 eiu’
1304 3850 1358 3912 ego
1370 3842 1404 3889 ut

646 3920 789 3979 advorser?
802 3919 848 3979 hei
858 3919 943 3979 mihi!

529 4012 671 4071 Incertum
686 4013 718 4070 'st
737 4012 806 4089 quid
824 4032 917 4092 agam.
957 4012 1019 4089 My.
1031 4010 1135 4072 Misera
1148 4012 1245 4083 timeo,
1264 4012 1400 4072 incertum

645 4106 700 4165 hoc
713 4102 845 4179 quorsum
858 4103 977 4163 accidat.
1417 4129 1421 4136 ‘
