3700 5259
512 823 695 909 Aeros
729 852 760 906 v.
812 849 994 906 serm
1029 848 1096 906 vm.
1192 860 1239 919 ¹9³

375 953 620 1048 Qantumpoteste
642 957 839 1019 hactransfer:
861 958 1139 1020 unamfacdomumr
1157 960 1236 1034 [ectr

375 1056 490 1124 Traduce
499 1069 527 1116 et
536 1067 700 1124 matrem‚et
710 1053 845 1114 familiam
853 1075 964 1114 omnem
974 1055 1077 1114 adnoe.
1101 1053 1236 1136 AeſsPlas

375 1147 448 1224 Pater
460 1149 626 1230 lepidiffime.
648 1149 702 1208 Dr.
713 1147 812 1231 Euge!
832 1151 893 1228 jam
902 1148 1012 1228 lepidus
1021 1169 1115 1210 rocon

375 1243 456 1304 Fratri
469 1247 547 1308 aedes
558 1247 627 1305 fient
635 1244 763 1326 perviae:
783 1245 895 1306 turbam
909 1245 1024 1305 domum
1175 1288 1179 1295 -

374 1339 512 1412 Adducetr
533 1341 654 1401 sumtum
668 1339 816 1412 admittere
837 1341 936 1400 multer
958 1341 1029 1420 quid
1038 1341 1117 1402 mea?
1200 1349 1235 1420 15

374 1432 432 1517 Ego
443 1434 547 1515 lepidus
559 1423 623 1496 ineo
637 1435 769 1518 gratiam.
786 1436 856 1516 jube
865 1438 1007 1516 nuncjam

375 1529 529 1589 Dinumeret
540 1528 582 1588 illi
596 1528 708 1608 Babylo
720 1529 823 1611 viginti
836 1531 935 1590 minae.

374 1626 444 1704 Syre,
456 1621 535 1686 cerras
549 1626 603 1695 ire,
612 1625 762 1685 nefacere?
782 1626 828 1702 Syr
841 1623 922 1713 Qid
932 1624 1007 1706 ago?
1026 1625 1081 1685 De«
1092 1623 1194 1686 Dirue.

374 1719 424 1792 Tu,
437 1720 506 1793 illae,
518 1721 577 1792 abi,
590 1735 619 1782 et
627 1722 752 1780 traduce.
775 1720 825 1780 Ge.
836 1720 878 1779 Di
887 1719 952 1789 tibi,
961 1721 1082 1792 Demea,

374 1813 439 1874 Bene
448 1813 561 1886 seciam,
572 1835 659 1893 quum
674 1826 703 1872 te
713 1811 795 1872 video
809 1812 915 1872 nostrae
925 1813 1048 1873 familiae
1195 1829 1237 1877 20

372 1909 436 1969 Tam
451 1933 483 1972 ex
497 1911 593 1970 animo
606 1909 712 1968 {adium
724 1905 804 1964 velle.
824 1907 880 1974 De.
892 1909 1008 1990 Dignos
1020 1911 1153 1970 arbitror.

372 2003 442 2088 Qrid
453 2004 491 2064 eir
505 2004 557 2064 tu?
576 2002 639 2084 Arfi
652 1999 699 2060 Sic
712 1997 821 2078 opinor.
844 2001 898 2060 De.
910 2001 1007 2061 Multo
1019 2003 1108 2064 reeiiu
1118 2003 1163 2075 Ἦ,

372 2100 455 2183 Qum
468 2098 543 2159 illam
557 2116 724 2178 puerperam
736 2116 810 2154 nunc
820 2097 885 2156 duci
894 2097 950 2156 huo
958 2099 1093 2177 petriam

371 2193 527 2276 Aegrotam.
554 2191 616 2276 Aeſs
632 2191 711 2252 Nihil
727 2189 801 2250 enim
816 2191 875 2252 vidi
888 2191 999 2264 melior,
1012 2195 1051 2254 mi
1064 2209 1154 2275 pater.

373 2289 419 2348 De.
429 2291 472 2350 Sic
480 2291 566 2350 soleo.
587 2289 633 2348 sed
642 2307 747 2357 eccum,
762 2284 851 2356 Micio
864 2286 1009 2368 egreditur
1017 2287 1103 2349 forae.
1196 2303 1234 2370 25
1258 2308 1261 2314 “

477 2401 675 2515 Aeros
709 2449 747 2508 v.
790 2445 981 2509 serrrA
1014 2448 1108 2510 v111.

475 2578 612 2628 mero.
646 2574 813 2624 numer.
849 2561 1114 2624 Aorcnrrws.

734 2683 756 2724 Μ
766 2686 775 2724 1
787 2685 802 2724 C
812 2683 858 2724 10·

372 2761 495 2840 JUBET
508 2752 614 2825 frater?
633 2747 683 2822 ubi
697 2759 720 2820 ir
734 2760 793 2820 esti
812 2761 969 2840 tunejubeo
982 2758 1047 2833 boc,
1059 2761 1187 2826 Demea?

370 2861 417 2920 De.
429 2861 493 2944 Ego
506 2880 573 2922 vero
583 2857 681 2938 jubeo,
692 2867 721 2913 et
731 2854 759 2913 in
773 2853 826 2936 hac
840 2875 880 2923 re,
894 2869 923 2912 et
937 2855 999 2914 aliie
1013 2860 1155 2932 omnibue,

369 2956 454 3042 Qam
462 2973 591 3018 maxume
603 2967 689 3012 unam
699 2949 788 3042 facere
802 2969 852 3008 nos
861 2949 1095 3025 hanefamiliam

368 3051 468 3121 Colere,
477 3053 617 3131 adjurare,
631 3047 792 3130 adjungere.
814 3048 878 3129 Aefi
890 3048 936 3106 Ita
950 3049 1063 3127 quaeso,
1078 3063 1167 3133 pater.

369 3143 418 3203 Mi.
427 3143 602 3206 Haudaliter
612 3140 718 3201 censeo.
740 3142 794 3201 Dr.
804 3141 896 3202 Immo
905 3142 998 3202 hercle
1006 3144 1135 3206 itanobie
1144 3149 1234 3208 decet.
1315 3153 1318 3160 '

368 3230 482 3298 Primum
491 3239 576 3318 hujus
585 3234 680 3296 uxoris
691 3233 729 3292 est
738 3248 835 3293 mater.
856 3235 915 3294 Mi.
925 3237 1006 3322 Qrid
1016 3239 1128 3318 postea?
1215 3241 1235 3301 6

369 3333 416 3392 De.
425 3334 516 3393 Proba
527 3347 557 3392 et
567 3330 700 3390 modesta.
722 3331 781 3390 Mi.
793 3330 897 3412 Ajunt.
919 3335 973 3394 De.
985 3335 1064 3396 Natu
1078 3337 1222 3419 grandior.

366 3425 418 3486 Mi.
428 3429 500 3488 Scio.
522 3428 578 3488 De.
589 3425 690 3486 Parere
697 3428 757 3504 jam
770 3425 820 3486 diu
828 3427 897 3486 haec
904 3449 955 3506 per
966 3450 1053 3487 annos
1063 3450 1117 3487 non
1127 3429 1218 3508 potest
1225 3446 1234 3487 ε

366 3519 429 3594 Nec,
451 3525 500 3604 qui
521 3544 582 3582 eam
603 3521 743 3603 respiciat,
767 3522 913 3601 quisquam
933 3524 986 3583 est:
1016 3523 1073 3584 sola
1093 3523 1141 3582 est.
1175 3525 1235 3584 Mr‘.

479 3617 577 3704 Qam
590 3617 637 3676 hic
650 3639 709 3678 rem
723 3618 804 3702 agit?

368 3705 416 3767 De.
427 3705 511 3770 Hanc
516 3727 545 3770 te
551 3729 670 3790 aequom
679 3711 836 3772 'stduceree
851 3726 880 3774 et
885 3727 914 3772 te
921 3732 1047 3790 operam,
1052 3725 1085 3771 ut
1093 3713 1154 3782 fiat,
1159 3713 1236 3773 dare.

367 3802 420 3862 Mi.
431 3803 480 3865 Me
494 3807 594 3866 ducere
608 3811 719 3872 autem!
745 3809 799 3868 De.
811 3805 866 3868 Te.
890 3809 949 3867 Mi.
964 3807 1031 3867 Me?
1058 3810 1112 3868 De.
1124 3807 1180 3880 Te,
1193 3810 1237 3868 in·

479 3921 574 3982 quam.
595 3905 655 3964 Mi.
668 3903 787 3983 Ineptir.
808 3904 862 3964 De.
875 3903 905 3966 si
919 3917 953 3962 tu
965 3905 999 3963 fio
1012 3904 1109 3973 homo,
1202 3919 1233 3966 11

371 3991 528 4058 Hicfaciat.
550 4001 613 4082 Aefi
622 3999 667 4059 Mi
677 4014 766 4080 pater.
789 3999 848 4059 Mi.
859 3997 957 4082 Qrid?
977 4013 1009 4059 tu
1019 3990 1113 4060 alitem
1121 3999 1197 4069 huic,
1207 4021 1236 4058 a·
1266 4081 1269 4086 ἠ

482 4089 715 4164 fine‚ausculrasr
735 4091 789 4152 De.
798 4089 879 4150 Nihil
894 4089 974 4174 agise
