3700 5259
518 810 537 855 4
732 798 759 849 Α
777 798 802 847 R
818 799 845 848 G
861 798 887 849 11
903 796 935 847 Μ
952 798 973 847 E
992 795 1019 849 N
1034 794 1060 849 'l'
1075 795 1101 849 U
1118 796 1157 848 M.

517 890 701 971 aperissem,
710 892 804 976 securo
811 894 887 970 jam,
899 903 927 952 et
940 893 1010 955 nihil
1018 893 1075 953 tale
1087 896 1215 953 metuenti
1222 893 1292 971 slis,
1307 896 1400 955 Pane·

512 986 596 1063 phile,
614 992 713 1064 inquit,
732 992 779 1049 ahi
789 991 903 1059 domum,
921 1011 956 1047 ac
975 988 1046 1049 Deos
1064 1004 1227 1067 comprecare
1231 1015 1244 1059 ;
1266 1012 1332 1047 uxor
1346 994 1403 1049 tihi

518 1082 636 1141 ducenda
648 1084 721 1143 hodie
727 1084 771 1161 ιβ
791 1086 850 1145 Hoc
858 1085 936 1154 ditio,
946 1082 1018 1141 velut
1031 1084 1168 1165 improviso
1176 1083 1287 1158 quodam
1291 1084 1399 1159 jaculo,

510 1180 655 1260 struciatus
668 1180 820 1261 adolescens,
836 1178 903 1254 quid
911 1187 1015 1263 ageret,
1031 1189 1081 1237 aut
1095 1179 1162 1255 quid
1170 1177 1266 1255 confilii
1277 1190 1398 1255 caperet,

469 1338 476 1353 ⁴
519 1274 666 1355 nesciebat:
678 1292 758 1351 quum
765 1274 806 1331 ad
810 1292 871 1331 enm
880 1269 991 1339 Davus,
1005 1276 1084 1349 acesco
1091 1274 1239 1343 admodum,
1254 1274 1400 1355 acuersuto

519 1368 736 1451 ingenioservus,
744 1364 939 1456 animadversa
949 1363 1022 1443 senis
1034 1364 1144 1440 astutia,
1157 1370 1287 1427 accurrit.
1317 1366 1399 1426 Erat

519 1472 580 1521 tum
592 1483 648 1521 una
659 1483 719 1521 cum
733 1459 873 1538 Pamphilo
885 1460 1030 1527 Charinus,
1044 1460 1090 1531 qui
1102 1457 1241 1537 adolescens
1252 1464 1318 1517 miro
1332 1481 1395 1533 quo·

519 1557 584 1615 dam
591 1578 680 1619 amore
691 1556 866 1615 Philumenae
872 1555 1000 1635 incensus,
1002 1553 1113 1631 frustra
1112 1554 1193 1635 saepe
1201 1558 1314 1613 tentatis
1322 1555 1398 1614 illiue

519 1638 633 1727 nuptiis,
643 1652 840 1731 adpohremum
848 1652 1007 1709 audituram
1019 1670 1046 1705 eo
1053 1650 1096 1707 die
1104 1659 1251 1725 nupturam
1264 1650 1396 1727 Pampli-

519 1742 555 1813 lo,
563 1748 594 1802 in
592 1746 729 1826 stammam
736 1747 938 1827 desperationem
946 1744 1083 1811 adductus,
1095 1763 1153 1799 eune
1161 1745 1266 1811 orabat,
1269 1743 1301 1821 st
1303 1744 1335 1823 se
1333 1742 1394 1825 sol·

520 1860 585 1899 vum
592 1840 680 1911 vellet,
688 1851 719 1899 ut
728 1835 773 1899 uel
778 1860 838 1898 eam
848 1860 881 1896 ne
888 1840 1004 1907 duceret,
1014 1836 1157 1917 uelsaltem
1164 1842 1266 1917 nuptiis
1278 1841 1331 1897 dies
1340 1840 1394 1897 ali-

520 1945 583 2011 quot
589 1936 755 2012 produceret.
777 1933 935 2011 Pamphilus
945 1933 1063 2013 eumsua
1075 1933 1271 2011 quidemcausa
1281 1937 1341 1993 hono
1350 1936 1397 2013 effe

520 2032 619 2097 aninso,
634 2040 715 2105 atque
721 2034 810 2089 omnia
822 2030 861 2087 ad
865 2029 1041 2111 impediendas
1054 2031 1160 2106 nuptias
1175 2029 1263 2087 moliri
1264 2030 1396 2105 jubebat.-

511 2122 555 2205 st,
575 2134 706 2199 quantum
723 2127 753 2181 in
761 2124 794 2202 β·
809 2124 877 2200 eset,
895 2122 1056 2197 mffetinrum,
1075 2142 1108 2179 ea
1121 2132 1152 2179 ut
1165 2145 1198 2181 ne
1211 2124 1393 2205 dareturſshi.

523 2219 686 2286 Adveniens,
696 2227 726 2275 ut
736 2218 803 2285 dixi,
813 2216 923 2285 Davus,
935 2216 1092 2285 Charinum,
1094 2215 1158 2289 jam
1158 2218 1218 2299 spei
1219 2207 1336 2296 plenum,
1345 2226 1392 2281 ah·

521 2312 563 2368 ire
576 2311 615 2368 ad
626 2310 773 2383 ambiendos
778 2309 852 2388 senis
868 2310 965 2366 amicos
970 2308 1067 2382 jubet:
1087 2309 1178 2367 deinde
1181 2312 1297 2393 seorsum
1306 2316 1394 2373 Pam.

385 2406 389 2420 “
477 2402 481 2408 ’
516 2404 589 2483 philo
601 2405 762 2479 conjeliuras
769 2402 837 2484 fieus
851 2404 951 2479 aperit,
963 2401 1162 2483 persuadetque,
1178 2414 1209 2461 ut
1218 2411 1299 2482 patri
1310 2409 1394 2478 dicat,

512 2496 735 2578 separatumese
744 2519 850 2557 uxorem
858 2498 952 2555 ducere
956 2521 969 2567 ,-
987 2519 1051 2555 nam
1059 2520 1086 2557 eo
1094 2505 1181 2575 patio,
1195 2504 1294 2576 inquit,
1307 2514 1335 2581 et
1341 2518 1395 2581 pa·

521 2599 563 2654 tri
574 2616 674 2652 omnem
682 2595 820 2674 jurgandi
832 2592 982 2670 oscastonem
989 2596 1163 2671 praecideris,
1180 2608 1207 2654 et
1220 2618 1270 2657 non
1282 2603 1336 2657 erit
1349 2612 1394 2658 ta·

521 2710 581 2747 rnen
593 2691 745 2757 verendum,
759 2710 793 2747 ne
804 2692 915 2765 nuptiae
919 2690 1013 2763 fiant:
1034 2708 1177 2763 numquam
1189 2694 1259 2749 enine
1274 2693 1395 2753 Chremes

521 2786 582 2852 tihi,
593 2782 680 2865 sanuel
689 2774 837 2862 repudiata,
846 2781 942 2858 selsam
952 2782 1035 2863 seam
1047 2787 1146 2841 iterum
1161 2788 1335 2863 camen'fflerus
1350 2786 1394 2863 est.

521 2878 599 2937 Haec
611 2882 654 2937 ita
669 2879 702 2936 de
708 2878 786 2959 serui
794 2876 892 2954 carsilis
903 2883 976 2947 aaa,
989 2876 1064 2959 longe
1074 2878 1156 2936 aliter
1165 2879 1287 2949 cecidere,
1300 2902 1334 2939 ac
1341 2895 1396 2959 pes·⁴

522 2974 672 3059 tahanture
689 2983 782 3030 exorat
794 2974 865 3029 enim
878 2969 1040 3028 Chremetem
1051 2972 1132 3029 Simo.
1160 2974 1210 3033 Ita
1220 2998 1263 3035 res
1269 2980 1301 3053 in
1314 3000 1395 3037 uera·

522 3086 587 3123 rum
596 3068 754 3143 nuptiarum
761 3065 899 3147 discrimen
911 3064 1063 3139 adduuitrer.
1092 3064 1174 3144 Parte
1182 3089 1210 3127 eo
1218 3068 1269 3151 ipso
1278 3072 1321 3130 die
1330 3074 1396 3150 Gly-

521 3164 631 3229 cerium,
649 3163 747 3224 exatiis
764 3160 931 3237 temporibus,
948 3172 1062 3235 puerum
1070 3165 1193 3237 peperit:
1212 3166 1272 3223 eum
1281 3180 1402 3243 puerum

524 3258 635 3326 Davus,
646 3280 726 3333 quum
736 3259 818 3318 aliter
825 3261 935 3335 nuptias
943 3248 1090 3333 dhiurhare
1101 3280 1151 3329 non
1155 3264 1243 3339 posit,
1250 3279 1320 3342 prae
1319 3268 1395 3343 sori·

522 3353 570 3415 hus
583 3352 689 3410 aedium
702 3353 816 3410 Simonis
826 3354 860 3409 ah
874 3349 974 3409 ancilla
986 3350 1159 3411 collocandum
1167 3346 1256 3423 curat.
1285 3358 1321 3416 ln
1337 3380 1397 3417 eum

522 3468 604 3524 quum
612 3449 738 3525 insidosit
749 3447 881 3516 Chremes,
889 3459 917 3505 ot
929 3468 943 3505 e
957 3448 1096 3524 Pamphila
1105 3463 1201 3533 natum
1212 3454 1257 3529 ese
1264 3457 1397 3535 cognosset,

523 3543 629 3623 turstem
642 3544 749 3602 abdeocit
761 3547 880 3601 animum
889 3566 908 3602 a
916 3545 1026 3620 nuptiis.
1055 3541 1302 3607 Turbaemaximae
1311 3554 1396 3607 conci·

523 3622 641 3694 tantur:
651 3636 845 3694 donecadvenit
856 3637 932 3701 Crito
943 3636 1075 3706 Andrias,
1085 3642 1139 3713 qui,
1150 3642 1218 3715 quod
1225 3642 1395 3723 Chrpfidige·

524 3749 587 3810 nere
595 3731 731 3804 proximus
737 3728 841 3804 sisset,
854 3730 893 3798 ad
899 3730 1056 3792 cernendam
1068 3730 1139 3792 illius
1148 3732 1339 3793 haereditatem
1350 3735 1396 3795 A·

525 3821 618 3909 thenas
631 3830 751 3877 venerat.
780 3818 852 3893 Ejus
865 3824 1019 3903 interventu
1033 3824 1152 3885 Chremes
1161 3826 1253 3902 filiam
1271 3828 1397 3911 agnoseit.

417 3911 428 3931 ⁴
525 3913 695 3992 Ita‚summa
708 3914 1078 4005 omniumlaetitia,Charim
1091 3919 1262 3990 Philumena,
1278 3920 1397 4000 Glyceri-
1425 3948 1427 3950 ·

525 4026 571 4085 usu
582 4004 721 4091 Pamphilo
729 4010 816 4087 nubit,
