3700 5259
542 823 550 836 '
605 833 1136 886 ncTosascnnau.
1266 839 1308 904 m

424 935 477 998 Th.
488 938 549 1025 Qi
560 940 706 1001 Chaerea?
727 944 778 1019 Ρ).
791 943 845 1001 Iste
855 942 978 1022 ephebus
990 943 1077 1004 frater
1089 942 1253 1003 Phaedriae.

423 1033 477 1094 Tb.
489 1036 570 1122 Qid
578 1037 630 1107 ais,
645 1039 783 1097 venefica?
803 1041 854 1117 Py.
865 1040 960 1120 Atqui
970 1055 1051 1100 certo
1060 1039 1195 1120 comperi.

423 1127 478 1190 Th.
487 1130 611 1215 Qidis‚
625 1131 750 1204 obsecro,
765 1136 802 1194 ad
816 1137 885 1196 noa?
902 1138 1087 1215 quamobrem
1099 1137 1238 1196 addudtua
1250 1135 1307 1195 est?

548 1228 599 1302 Ρ).
610 1227 728 1300 Nesci03
1269 1247 1304 1288 ιο

422 1318 485 1378 Nifi
496 1321 594 1380 amass'e
604 1325 687 1383 credo
699 1325 885 1406 Pamphilam.
910 1327 961 1387 Th.
971 1325 1065 1386 Hem!
1082 1326 1179 1387 misera
1190 1325 1290 1391 occidi.

424 1399 544 1462 Infelix!
562 1403 696 1483 siquidem
706 1421 738 1466 tu
749 1409 851 1468 isthaec
860 1431 924 1468 vera
933 1410 1086 1489 praedicas.

420 1497 501 1556 Num
516 1497 545 1588 id
558 1498 693 1558 lacrumat
708 1501 806 1584 virgo?
835 1507 885 1582 Ρ).
898 1505 935 1563 Id
947 1503 1057 1584 opinor.
1091 1501 1142 1562 Th.
1156 1501 1237 1588 Qid
1250 1501 1302 1568 aia,

498 1637 499 1642 ,
546 1594 701 1677 sacrilega?

423 1687 561 1747 Istuccine
572 1689 751 1764 interminata
762 1689 832 1760 sum,
846 1689 912 1748 hinc
924 1689 1020 1749 abiena
1029 1689 1101 1749 tibi?

420 1783 476 1859 Py.
485 1783 566 1868 Qid
576 1783 713 1844 facerem?
725 1784 765 1842 ita
777 1798 809 1842 ut
821 1785 937 1864 tujusti,
952 1786 1002 1844 soii
1013 1784 1169 1844 credita'st.
1266 1802 1300 1862 15

422 1877 477 1938 Th.
488 1881 617 1952 Scelesta,
631 1881 699 1961 lupo
709 1903 788 1940 ovem
801 1881 970 1940 commifisti.
991 1880 1131 1959 dispudet,

420 1979 472 2038 Sic
486 1977 555 2036 mihi
566 1981 632 2038 data
644 1977 693 2036 effe
704 1977 798 2036 verba.
820 1975 890 2053 quid
899 1975 966 2034 illuc
977 1973 1099 2032 hominis
1109 1974 1168 2034 est?

419 2075 475 2148 Ρ).
488 2072 569 2132 Hera
580 2085 728 2142 mettace3
743 2085 805 2130 tace
819 2069 944 2140 obsecro,
952 2069 1052 2128 *salvae
1065 2067 1176 2128 sumus:

419 2168 571 2228 Habemus
585 2168 727 2228 hominem
741 2168 839 2248 ipsum.
871 2165 922 2228 Th.
934 2166 994 2228 Ubi
1011 2166 1036 2226 is
1052 2166 1111 2226 est?
1140 2169 1191 2245 Ρ).
1202 2163 1297 2224 Hem!

543 2263 736 2336 adfinistram,

417 2355 559 2416 Videsne?
580 2357 631 2418 Th.
643 2359 745 2418 Video.
771 2360 822 2436 Ρ).
834 2356 1042 2437 Comprehendi
1056 2355 1136 2436 jube,
1159 2369 1298 2434 quantum

543 2453 645 2530 potest.
1023 2442 1025 2453 ¹
1258 2470 1297 2511 20

418 2545 473 2605 Tb.
486 2547 566 2634 Qid
574 2547 623 2606 illo
635 2547 777 2616 iaciemus,
790 2545 892 2606 stulta?
907 2549 957 2623 Ρ).
969 2547 1051 2633 Qid
1059 2545 1157 2617 facias,
1171 2548 1278 2630 rogat?

415 2644 492 2702 Vide
503 2647 623 2706 amabo!
644 2647 663 2705 fi
675 2668 741 2716 non,
756 2666 843 2724 quum
855 2643 1001 2722 adspicias,
1013 2667 1044 2706 os
1055 2645 1202 2724 impudens
1348 2651 1354 2661 ’

414 2739 547 2800 Videtur.
568 2741 751 2802 ThNonest.
772 2743 823 2817 Py.
831 2737 908 2798 Tum
918 2760 990 2816 quae
999 2742 1056 2818 ejus
1066 2738 1292 2799 confidentia'st!

566 2918 762 2980 ACTUS
793 2919 830 2978 V.
874 2916 1066 2977 SCENA
1097 2917 1141 2974 11.

541 3037 1167 3092 cnarann.TnAm.Pranna

761 3139 946 3179 CHAEREA·
1268 3097 1274 3104 ‘

410 3217 556 3277 APUD
570 3214 767 3294 Antiphonem
782 3227 910 3293 uterque,
926 3230 1015 3275 mater
1028 3229 1057 3274 et
1070 3229 1161 3296 pater,

409 3313 501 3398 Qasr
512 3311 607 3371 dedita
621 3333 717 3390 opera,
731 3309 808 3369 domi
819 3323 909 3380 erant,
922 3323 954 3368 ut
963 3309 1040 3368 nullo
1054 3312 1139 3370 modo

412 3409 535 3468 Introire
546 3407 659 3487 poffem,
675 3407 743 3486 quin
754 3405 878 3466 viderent
887 3428 941 3466 me.
961 3406 1074 3466 interim

411 3503 494 3562 Dum
503 3515 567 3559 ante
578 3499 678 3560 ostium
688 3500 728 3558 sto
736 3523 745 3570 ;
761 3511 843 3558 notus
853 3500 922 3560 mihi
932 3501 1047 3579 quidam
1056 3499 1171 3558 obviam

410 3598 509 3658 Venit.
527 3597 576 3657 ubi
588 3597 658 3666 vidi,
670 3618 724 3678 ego
735 3594 818 3679 mein
829 3598 924 3674 pedes,
935 3609 1073 3675 quantum
1082 3615 1167 3672 queo,
1267 3611 1287 3672 5

411 3692 447 3749 In
460 3689 643 3772 angiportum
656 3691 799 3767 quoddam
809 3689 964 3750 desertum:
979 3690 1044 3748 inde
1057 3689 1126 3748 item

411 3785 446 3842 In
463 3783 550 3854 aliud,
565 3783 629 3842 inde
640 3783 669 3842 in
683 3785 776 3845 aliud:
792 3785 832 3844 ita
843 3785 1010 3845 miserrimus

408 3877 464 3936 Fui
478 3878 644 3961 fugitand03
654 3877 694 3938 ¹ne
706 3881 769 3959 quis
784 3902 828 3940 me
841 3882 1032 3963 cognosceret.

383 4025 388 4032 .
406 3973 465 4032 Sed
478 3975 552 4034 estne
565 3976 634 4033 haec
645 3973 746 4045 Thais,
761 3997 846 4054 quam
859 3976 958 4035 video?
971 3975 1030 4057 ipsa
1038 3976 1087 4035 ’sta
1102 3977 1213 4037 haereo.

402 4071 486 4159 Qid
500 4071 620 4132 faciam?
633 4071 704 4149 quid
714 4093 774 4132 mea
789 4072 901 4132 autem?
914 4071 985 4150 quid
995 4071 1079 4132 faciet
1090 4071 1177 4130 mihi?
1248 4089 1284 4130 1o

813 4165 847 4227 M
