3700 5259
531 821 581 894 nt
680 810 1268 880 Heautontimotutrtnot.

531 931 607 992 Nam
621 930 747 1011 prorsum
762 929 832 988 nihil
846 928 988 1012 intelligo.
1010 931 1056 1008 Sy.
1069 929 1150 990 Hui!
1172 933 1269 992 tardor
1283 948 1323 992 etr

533 1026 582 1086 Cb.
594 1025 725 1085 Fortasse.
747 1026 793 1103 Sy.
805 1023 972 1106 Argentum
985 1021 1101 1082 dabitur
1110 1023 1137 1081 ei
1147 1025 1185 1083 ad
1198 1025 1323 1105 nuptiae,

529 1117 656 1191 Aurum,
666 1135 752 1199 atque
760 1120 870 1188 vestem,
883 1121 945 1196 qul,
959 1117 1087 1178 tenesne?
1109 1119 1158 1179 Chr
1170 1121 1343 1200 comparet?
1378 1136 1418 1201 3'0

531 1219 577 1294 sy.
589 1217 624 1274 Id
633 1201 732 1312 ipsum.
755 1218 803 1278 Cb.
816 1211 862 1274 At
873 1236 928 1296 ego
937 1201 979 1274 illi
989 1226 1078 1292 neque
1086 1213 1135 1284 do,
1145 1231 1236 1294 neque
1244 1217 1414 1296 despondeo.

532 1312 577 1388 Sy.
587 1309 670 1368 Non?
690 1309 891 1390 quamohrem?
911 1307 1181 1393 Ch.Qamobrem?
1194 1312 1349 1394 merogael
1360 1310 1416 1370 ho·

616 1409 621 1418 ’
644 1401 729 1462 mini!
753 1405 799 1480 Sy.
811 1403 855 1462 Ut
868 1399 958 1460 lubet.
1134 1477 1138 1484 Ι

530 1487 596 1557 Non
608 1515 663 1578 ego
672 1495 810 1564 dicebam,
824 1492 853 1552 iu
867 1505 1036 1576 perpetuum
1047 1491 1125 1551 illam
1138 1491 1181 1554 illi
1193 1509 1226 1556 ut
1239 1498 1333 1570 dares,

528 1591 636 1650 Verum
647 1603 680 1650 ut
693 1587 842 1650 simulares.
867 1588 914 1650 Cb.
928 1587 994 1645 Non
1008 1608 1069 1647 mea
1081 1587 1114 1648 'st
1127 1589 1281 1654 fimulatio:

531 1685 578 1750 Ita
592 1696 624 1742 tu
635 1684 716 1772 istaec
730 1697 780 1742 tua
793 1680 918 1748 misceto,
930 1701 964 1738 ne
978 1701 1022 1740 me
1033 1681 1193 1742 admisceas.
1372 1703 1412 1767 35

530 1781 629 1864 Egon'
642 1779 688 1840 cui
698 1780 815 1838 daturus
827 1795 882 1834 non
896 1773 968 1844 sum',
980 1787 1013 1834 ut
1025 1773 1052 1834 ei
1064 1775 1272 1856 despondeam?

530 1879 576 1954 Sy.
589 1875 756 1936 Credebam.
785 1871 832 1932 ch.
846 1869 975 1930 Minime.
997 1873 1042 1948 Sy.
1056 1873 1133 1933 Seite
1146 1888 1260 1952 poterat
1272 1871 1350 1934 fierit

530 1967 571 2029 Et
580 1994 635 2054 ego
643 1973 709 2042 hoc,
724 1969 791 2048 quia
804 1967 911 2055 dudum
921 1978 954 2024 tu
967 1980 1115 2046 tantopere
1123 1957 1249 2048 iusserat,

530 2063 576 2126 Eo
593 2065 685 2144 coepi.
723 2064 771 2126 Ch.
786 2061 890 2122 Credor
926 2060 971 2139 Sy.
990 2060 1141 2124 Caeterum
1159 2063 1290 2141 equidem
1311 2063 1394 2136 illuc,

651 2160 781 2226 Chreme,
942 2172 946 2178 “

527 2243 628 2333 Aequi
640 2254 765 2334 bonique
778 2251 862 2314 facio.
886 2251 936 2312 Ch.
947 2246 1044 2330 Atqui
1060 2244 1129 2310 cum*
1139 2272 1269 2312 maxume
1369 2273 1415 2331 40

526 2349 603 2408 Volo
616 2363 646 2408 te
659 2351 726 2410 dare
740 2368 865 2428 operam,
881 2360 913 2406 ut
924 2348 985 2416 fiat,
1001 2367 1097 2410 verum
1111 2344 1235 2406 alienia.

437 2513 443 2522 ¹
527 2445 573 2520 Sy.
587 2445 670 2506 Fiat-r
692 2457 847 2524 quaeratur
860 2442 947 2509 aliud.
968 2443 1016 2502 sed
1026 2441 1107 2512 illud,
1117 2443 1196 2519 quod
1209 2441 1265 2502 tibi

527 2538 600 2602 Dixi
610 2542 646 2602 de
656 2555 786 2622 argento,
802 2541 880 2620 quod
888 2540 939 2600 ista
951 2539 1036 2600 debet
1051 2535 1199 2606 Bacchidi,

528 2635 565 2692 Id
579 2654 652 2692 nunc
666 2635 838 2698 reddendum
849 2634 882 2696 ’st
893 2633 952 2696 illi=
974 2654 1065 2712 neque
1078 2646 1111 2692 tu
1125 2630 1232 2692 scilicet

525 2719 572 2794 Eo
586 2749 660 2788 nunc
670 2729 830 2812 confugiet:
851 2729 921 2808 quid
931 2731 1013 2792 mea?
1033 2750 1100 2788 num
1108 2729 1208 2790 datum
1219 2715 1289 2788 mihi
1300 2721 1357 2791 est?
1367 2743 1411 2810 '45

444 2857 447 2864 »
524 2821 690 2906 Numjuffi?
709 2847 777 2886 num
787 2821 837 2886 illa
850 2826 1039 2910 oppignerare
1049 2824 1137 2884 liliam

523 2912 632 2992 Meam,
643 2943 688 2982 me
697 2921 798 2993 invito,
808 2921 921 3002 potuit?
940 2942 1035 2980 rerum
1045 2911 1127 2990 illud,
1140 2918 1277 2991 Chreme,

524 3013 648 3100 Dicunt,
661 3015 712 3090 Jua
726 3015 863 3095 summum
877 3017 958 3096 saepe
967 3016 1072 3076 summa
1086 3003 1195 3075 malitia
1209 3004 1257 3074 esi.

401 3153 403 3158 ,
527 3107 577 3166 Cb.
589 3105 680 3170 Haud
689 3107 801 3169 seciami
823 3113 869 3187 Sy.
881 3110 985 3182 Immo,
1000 3111 1062 3172 aliia
1073 3113 1094 3170 si
1107 3111 1185 3183 licet,
1199 3103 1254 3171 tibi
1262 3132 1319 3172 uon
1329 3106 1410 3174 licet.

524 3193 631 3260 Omnes
645 3214 674 3259 te
683 3193 712 3259 in
722 3201 811 3272 lauta,
823 3217 852 3262 et
865 3203 936 3263 bene
947 3205 1029 3266 auda
1043 3220 1124 3286 parte
1137 3219 1251 3285 putant.
1368 3228 1411 3286 50

525 3290 573 3358 Cb.
586 3289 667 3382 Qin
679 3309 793 3378 egomet
802 3299 863 3376 jam
877 3300 914 3358 ad
924 3319 986 3358 eam
999 3301 1134 3362 deseram.
1156 3304 1202 3379 Sy.
1215 3302 1308 3362 Immo
1318 3302 1412 3365 filium

520 3387 595 3468 Jube
607 3389 715 3482 potine,
748 3381 795 3452 Ch.
808 3382 1026 3478 Qamohreml
1056 3396 1192 3482 Sy.Qia
1203 3397 1318 3458 enimin
1331 3399 1409 3460 hune

638 3485 756 3567 suspicio
765 3487 798 3548 'st

520 3577 669 3640 Translata
678 3581 791 3643 amoris.
814 3583 863 3646 cb.
874 3581 958 3670 Qld
969 3583 1050 3644 tum?
1071 3576 1117 3662 S'y.
1129 3584 1209 3670 Quia
1222 3584 1367 3648 ridebitur

488 3681 492 3690 '
519 3673 770 3757 Magiarerisrmile
780 3679 810 3740 id
820 3677 882 3750 esse,
896 3701 985 3758 quum
996 3679 1043 3738 hic
1056 3679 1099 3738 illi
1113 3679 1210 3740 dabite

520 3765 611 3828 Simul
625 3771 813 3832 eteonfieiam
827 3769 938 3832 facilius
947 3794 1014 3856 ego,
1025 3773 1104 3850 quod
1115 3772 1189 3832 volo.
1294 3803 1298 3806 ·
1366 3793 1404 3858 55

520 3859 761 3943 Ipseadeoadest.
783 3866 846 3930 abir
867 3866 1104 3949 efferargeutum.
1127 3869 1296 3934 caEffero.
