3700 5259
800 844 828 891 A
863 844 890 894 N
921 845 947 893 D
983 846 1054 895 R!
1088 847 1124 894 A.

664 1026 860 1089 ACTUS
903 1030 928 1090 L
971 1028 1163 1089 SCENA
1204 1032 1230 1089 Ι.

792 1216 1096 1267 31M0.8031m

522 1363 525 1368 ¹
885 1354 995 1395 uino.

595 1428 650 1489 OS
663 1428 765 1489 isthaec
778 1430 853 1490 intro
863 1430 985 1489 auferte:
1001 1428 1086 1489 abite.
1118 1432 1205 1502 Sofia,

613 1525 774 1596 Adesdum:
789 1524 886 1606 paucio
895 1540 925 1586 te
938 1524 1011 1585 volo.
1033 1528 1077 1585 So.
1092 1524 1211 1589 Diuum
1221 1544 1304 1608 puta:

507 1621 618 1704 Nempe
636 1636 676 1694 ,ut
701 1636 834 1685 curentur
860 1624 936 1685 re&
961 1623 1053 1683 haec„
1106 1623 1149 1685 Si.
1172 1624 1265 1685 Immo
1292 1624 1378 1689 eliud·

629 1720 673 1777 So.
687 1720 830 1805 Qidest,

505 1814 595 1900 Qud
604 1813 658 1873 tibi
671 1837 733 1875 mea
745 1838 790 1877 m
800 1816 909 1875 efficere
921 1816 976 1875 hoc
986 1813 1067 1894 poffit
1076 1813 1215 1893 amplius?

506 1910 548 1967 Si.
564 1908 643 1975 Nihil
654 1909 720 1969 istac
732 1932 804 1990 opu·
817 1910 857 1971 est
866 1924 927 1969 arte
937 1911 974 1969 ad
987 1911 1058 1969 hunc
1068 1930 1127 1969 rem
1137 1932 1223 1990 quum
1230 1934 1315 1993 parm
1356 1938 1375 1997 5

506 2003 595 2063 Sed''
576 2025 621 2073 ue,
635 2025 705 2081 quau
715 2002 840 2083 semper
831 2025 861 2061 m
871 2016 899 2061 te
912 2000 1140 2073 intelleximus,

505 2096 828 2157 Fideettacitumitate.
869 2099 914 2155 So.
914 2096 1070 2175 Exsper
1081 2098 1152 2179 qud
1163 2098 1239 2159 veho

504 2192 547 2249 Si.
562 2191 630 2273 Ego
643 2193 789 2271 postquam
801 2206 831 2252 te
844 2193 910 2262 emi,
924 2192 1067 2271 aporvulo
1078 2208 1110 2253 ut
1120 2195 1226 2276 semper
1235 2194 1289 2255 tibi
1342 2212 1345 2217 '

502 2282 596 2363 Apud
607 2308 652 2349 me
657 2288 731 2365 justa
743 2301 773 2347 et
784 2286 905 2347 clemens
915 2285 1000 2345 fuerit
1010 2285 1124 2347 servitus

503 2378 575 2439 Scio.
595 2379 659 2451 feci,
674 2405 689 2442 e
702 2383 778 2442 servo
792 2396 824 2443 ut
836 2381 901 2441 effes
910 2378 1028 2441 libertus
1040 2381 1119 2453 mihi,
1337 2402 1373 2445 πο

501 2472 654 2555 Propterea
665 2480 742 2555 quod
751 2476 886 2536 serviebas
899 2474 1061 2539 liberaliter.

499 2569 590 2655 Qod
599 2572 685 2631 habui
694 2572 831 2657 summum
840 2569 973 2650 pretium,
988 2568 1105 2648 persolvi
1115 2570 1179 2631 tibi.
1231 2572 1234 2579 “

499 2668 545 2725 So.
557 2667 593 2725 In
601 2667 734 2726 memoria
741 2665 842 2725 habeo.
863 2666 906 2727 Si.
913 2662 1005 2724 Haud
1014 2678 1093 2728 muto
1103 2666 1219 2727 fumun.
1235 2666 1371 2728 SnGau·

497 2852 529 2913 si
539 2853 593 2913 tibi
604 2853 674 2933 quid
683 2852 748 2923 feci,
761 2850 906 2922 antiocia,
920 2853 999 2930 quod
1007 2852 1126 2933 placeat,
1139 2854 1228 2925 Simu,

496 2945 539 3005 Et
552 2947 582 3006 id
594 2958 708 3029 gratum
719 2946 795 3006 niue
808 2945 954 3005 advorsum
964 2958 1004 3015 te,
1018 2947 1109 3007 habeo
1122 2947 1254 3030 gratiam.
1334 2953 1348 3009 1‘
1350 2968 1368 3029 ς

496 3042 554 3101 Sed
563 3043 617 3101 hoc
630 3042 700 3106 mihi
710 3042 853 3101 molestum
863 3041 917 3099 est:
941 3062 1005 3101 nam
1015 3040 1116 3101 isthaec
1129 3043 1369 3114 commemoratio,

366 3160 373 3173 ·
494 3136 582 3223 Qafi
593 3136 773 3215 expnobratio
785 3137 825 3195 est
834 3135 1004 3195 immemoris
1015 3134 1152 3213 beneficii.

493 3231 573 3319 Qin
584 3244 617 3291 tu
625 3254 681 3291 uno
691 3233 776 3293 verbo
785 3234 842 3305 dic,
851 3232 922 3309 quid
931 3230 979 3301 est,
991 3233 1068 3308 quod
1081 3231 1213 3291 meneliu.
1316 3280 1319 3289 .

493 3329 536 3385 Si.
553 3327 599 3386 Ita
612 3316 723 3387 faciani.
743 3330 798 3393 hoc
809 3327 933 3407 primum
947 3324 975 3382 in
989 3326 1042 3385 huc
1053 3347 1082 3384 re
1095 3327 1226 3405 praedico
1234 3328 1305 3397 tibi;

492 3425 574 3509 Qae
584 3422 673 3482 credie
685 3422 735 3483 effe
748 3423 809 3493 huo,
824 3442 879 3492 non
890 3420 953 3479 sunt
968 3440 1045 3479 verae
1060 3420 1183 3499 nuptiae.
1326 3440 1367 3483 20
1443 3430 1447 3441 ’

492 3520 537 3577 So.
548 3517 608 3577 Cur
620 3515 730 3578 fimulm
743 3516 851 3598 igitur?
872 3517 913 3573 Si.
925 3513 996 3582 Rem
1007 3535 1117 3573 omnem
1131 3536 1147 3573 a
1160 3515 1299 3597 principio
1312 3538 1364 3576 au·

651 3608 727 3679 diem

491 3704 630 3783 EopaRo
640 3716 670 3762 et
681 3702 763 3784 gnati
773 3702 870 3772 vitam,
884 3715 913 3760 et
925 3698 1069 3759 consilium
1080 3720 1171 3759 meum

489 3798 666 3886 cognoscem
681 3798 788 3876 etquid
794 3798 884 3861 facere
894 3799 924 3860 in
938 3798 1070 3857 haerete
1084 3796 1175 3857 velim.

489 3891 565 3951 Nam
578 3891 602 3951 is
615 3892 761 3971 postquam
775 3891 883 3950 exceffit
896 3912 931 3952 ex
941 3890 1066 3971 ephebis,
1082 3892 1169 3965 Sosia,
1342 3964 1345 3971 ι

489 3984 622 4043 Liberius
633 3984 740 4043 vivendi
753 3982 807 4043 fuit
816 3984 954 4062 potestas:
970 4004 1034 4043 nam
1045 3998 1126 4045 antea
1321 4006 1360 4066 25

488 4080 549 4164 Qi
563 4080 736 4161 scitopolim,
751 4093 800 4139 aut
812 4079 957 4161 ingenium
968 4079 1087 4167 noscene,
1114 4122 1119 4126 -
