3700 5259
527 814 559 876 ³⁶
790 815 817 862 A
851 799 878 862 ia
908 812 935 862 n
970 814 994 860 a
1029 812 1040 859 1
1076 802 1109 859 n.

527 904 586 979 Dr.
596 918 681 979 Move
691 917 769 977 ocinn
779 930 820 988 te,
834 930 867 977 ut
881 916 952 995 quid
962 936 1056 998 agam,
1071 936 1157 995 porro
1172 914 1326 997 intelligas.

499 1026 501 1033 ’
527 1018 586 1077 Pro
597 1015 742 1095 Juppiter!
759 1014 824 1091 My.
834 1008 982 1097 Qidest?
996 1010 1055 1069 Da.
1067 1012 1190 1089 Sponsae
1199 1010 1408 1090 paterinterve·

651 1110 703 1169 nit.

531 1206 672 1285 Repudio,
687 1208 766 1285 qood
777 1203 920 1265 confilium
934 1200 1057 1279 primum
1070 1200 1256 1260 intenderam.

530 1304 593 1377 Μ).
604 1300 705 1359 Nescio
713 1300 784 1378 quid
792 1320 896 1358 norrea.
913 1298 973 1357 Da.
982 1296 1049 1377 Ego
1057 1318 1170 1375 quoque
1176 1296 1242 1355 hinc
1250 1294 1286 1353 ab
1293 1296 1409 1353 dextera

530 1394 635 1453 Venire
649 1414 693 1451 me
704 1392 891 1453 adsimulabo:
908 1405 950 1460 tu,
961 1403 994 1453 ut
1005 1390 1154 1450 subservias
1369 1406 1410 1453 ao

531 1485 674 1554 Orationi,
689 1500 831 1567 uteunque
844 1485 919 1563 opua'
932 1484 966 1542 fit
978 1484 1079 1555 verbis,
1094 1486 1164 1545 vide.

531 1582 593 1657 My.
604 1580 682 1661 Ego,
695 1579 765 1657 quid
774 1600 855 1659 agar,
869 1576 939 1637 nihii
954 1574 1099 1659 intelligor
1119 1579 1176 1649 sed,
1190 1580 1291 1658 fiquid
1304 1580 1353 1649 est,

530 1673 620 1758 Qod
633 1693 694 1755 mea
706 1692 791 1750 opera
805 1691 876 1750 opue
888 1670 922 1727 fit
936 1669 1024 1739 vobis,
1040 1684 1088 1728 aut
1102 1685 1133 1731 tu
1148 1673 1212 1753 plue
1225 1674 1315 1745 vides,

532 1758 672 1838 Manebor
688 1788 723 1827 ne
736 1768 815 1845 quod
827 1765 948 1823 vostrum
962 1786 1086 1823 remorer
1099 1770 1287 1829 commodum.

623 1929 843 1995 ACTUS
886 1926 940 1991 IV.
998 1928 1221 2008 §CENA
1263 1930 1319 1995 Ite·
1400 1988 1404 1995 .

684 2054 896 2104 CHREMES.
927 2052 1066 2099 MYSIS.
1096 2052 1248 2101 DAVUS.

876 2150 1067 2191 cananea

510 2252 513 2257 ’
538 2232 634 2291 REV
642 2231 668 2288 E
678 2230 740 2289 RT
748 2230 776 2289 Ο
785 2229 822 2297 R,
834 2226 991 2305 postquam,
1002 2244 1073 2300 quae
1082 2246 1153 2303 opus
1163 2226 1239 2285 fuere
1249 2228 1285 2285 ad
1297 2227 1412 2307 nuptias

416 2325 419 2334 '
537 2327 661 2393 Gnatae,
672 2323 777 2403 paravi,
789 2336 821 2381 ut
828 2322 943 2401 jubeam
955 2318 1057 2390 arceffi.
1082 2320 1129 2379 sed
1139 2321 1210 2397 quid
1219 2322 1291 2393 hoe?

537 2418 611 2479 Puer
623 2418 715 2476 hercle
727 2417 768 2475 'st.
796 2415 905 2489 mulier,
919 2419 981 2480 tun'
993 2416 1141 2494 adposuisti
1155 2418 1247 2476 huno?
1274 2417 1336 2491 My·
1348 2415 1414 2475 Ubi

658 2510 716 2569 illic
729 2510 785 2568 est?
1309 2507 1412 2583 [mihit

541 2604 588 2661 Ch.
598 2603 664 2661 Non
678 2604 747 2660 mihi
757 2602 922 2685 respondes?
942 2604 1003 2679 My.
1017 2602 1161 2680 Nusquam
1173 2603 1219 2661 est.
1241 2624 1290 2661 vae
1299 2602 1416 2661 miserae

540 2694 669 2773 Reliquit
679 2718 722 2753 me
731 2697 826 2766 homo,
835 2710 921 2773 atque
930 2697 1010 2759 abiit.
1032 2698 1091 2755 Da.
1099 2698 1141 2757 Di
1150 2698 1267 2757 vostram
1276 2700 1373 2757 fidem!
1393 2716 1416 2777 5

538 2788 967 2871 Quidturbaeestapudforum!
985 2787 1413 2873 quid'illichominumlr'tigant!

539 2886 616 2945 Tum
625 2908 734 2945 annona
744 2906 809 2953 cara
820 2884 862 2945 'st-
884 2884 955 2963 quid
967 2884 1060 2943 dicam
1073 2886 1158 2956 aliud,
1173 2886 1272 2945 nescio.

540 2984 602 3059 My.
614 2983 673 3131 Col}
681 2997 713 3130 tlu
722 2980 837 3114 obsecro
846 2981 892 3039 hie
902 3002 947 3040 me
958 2980 1062 3040 solam?
1082 2969 1141 3041 Dr.
1153 2984 1236 3076 Qae
1246 2982 1284 3043 est
1292 2984 1359 3052 haec
1368 2982 1412 3054 fae

674 3096 735 3132 ua.
1063 3104 1065 3111 π

542 3167 617 3237 Eho,
630 3167 729 3244 Mysia,
743 3190 813 3247 puer
826 3168 872 3226 hic
883 3168 956 3226 unde
970 3168 1025 3225 est?
1045 3168 1138 3246 quisve
1152 3170 1206 3227 huc
1220 3168 1333 3229 attulit?

541 3262 603 3336 My.
613 3262 794 3332 Satin³sarrur
808 3284 848 3332 er,
861 3264 912 3342 qui
928 3284 971 3323 me
985 3264 1015 3321 id
1025 3262 1149 3347 rogites?
1174 3264 1233 3321 Dn.
1249 3265 1344 3349 Qem
1357 3284 1415 3347 ego

661 3356 750 3438 igitur
763 3378 871 3438 rogem,
1377 3376 1415 3417 πθ

539 3447 601 3533 Qi
615 3448 661 3507 hie
671 3449 808 3507 neminem
819 3449 904 3507 alium
918 3448 1043 3509 videam?
1066 3454 1113 3513 Ch.
1126 3451 1228 3521 Miror,
1242 3454 1314 3511 unde
1324 3452 1366 3511 fit.
1398 3494 1400 3497 -

542 3547 600 3605 Da.
612 3543 764 3605 Ditiuran’
773 3564 801 3609 es
811 3543 889 3623 quod
898 3545 988 3627 rogo?
1007 3546 1069 3625 My,
1079 3546 1142 3611 Au.
1162 3548 1221 3607 Da.
1233 3546 1362 3607 Concede
1378 3547 1417 3612 ad

661 3641 814 3697 dexteram.

542 3736 603 3810 My.
616 3733 748 3791 Delirat?
761 3754 816 3791 non
830 3746 891 3791 tute
905 3731 982 3811 ipse?
1003 3736 1061 3793 Da.
1071 3738 1196 3795 Verbum
1210 3736 1229 3793 fi
1245 3735 1314 3793 mihi

542 3830 650 3895 Unum,
664 3843 859 3905 praeterquam
874 3829 952 3905 quod
962 3842 991 3886 te
1001 3850 1083 3911 rogo,
1098 3830 1180 3899 faxis,
1193 3850 1268 3887 cave.

543 3924 605 4003 My.
619 3922 698 3992 Male
709 3922 796 3983 dicis?
816 3924 875 3984 Da.
886 3924 971 3983 Unde
983 3924 1014 3983 ³st
1022 3918 1038 3983 ἶ
1046 3925 1090 4001 die
1105 3924 1187 3996 dato
1210 3922 1272 4003 My.
1283 3922 1315 3991 A
1327 3922 1417 3983 robii.

663 4011 928 4086 MQQM
1377 4026 1412 4107 q
