3700 5259
582 829 634 882 ης
854 815 1173 866 unctu.

580 927 637 986 La.
648 923 749 986 Noster
756 922 842 992 socer,
853 923 945 994 video,
954 922 1050 984 venita
1071 943 1161 1002 puero
1170 922 1309 984 nutricem
1319 922 1452 991 addnxio
1564 908 1565 953 ἶ

580 1018 731 1098 Phidippo,
753 1018 872 1078 Bacchis
885 1020 992 1097 dejerat
1010 1018 1163 1098 peronne.
1193 1019 1247 1078 Ph.
1257 1018 1404 1080 Haeccine
1425 1043 1458 1082 ca

700 1111 757 1172 cst?
774 1111 989 1174 Lea-Haeccst.
1438 1128 1458 1192 ς

579 1207 633 1264 Pb.
643 1205 714 1274 Nee,
733 1204 793 1284 pol,
811 1204 877 1264 iliae
893 1219 1024 1265 metuunt
1037 1206 1137 1266 Dcoat
1159 1227 1250 1284 neque
1262 1207 1459 1286 hurcspiccrt

699 1299 780 1358 Deor
795 1299 905 1378 opinor.
1277 1353 1283 1364 ,

578 1395 634 1454 Ba.
644 1393 775 1454 Ancillae
785 1395 874 1454 dedo:
896 1405 955 1472 qno
968 1394 1049 1454 lubet
1057 1396 1185 1454 cruciatu
1195 1417 1245 1474 per
1259 1417 1305 1454 me
1318 1398 1446 1475 exquire.

579 1489 662 1548 Haec
672 1510 715 1548 rea
730 1489 776 1548 hic
784 1489 891 1570 agitur,
900 1488 1061 1568 Pamphilo,
1072 1510 1117 1548 me
1125 1489 1216 1548 facere
1225 1502 1256 1548 ut
1269 1491 1369 1548 redeat
1376 1513 1459 1562 uxor,

578 1582 712 1662 Oportet.
734 1583 840 1662 quodsi
853 1584 982 1668 perficio,
990 1606 1047 1644 non
1059 1567 1188 1664 poenitet
1194 1595 1240 1644 ane
1249 1585 1351 1655 famae,

578 1677 675 1740 Solam
684 1677 773 1736 secisse
787 1678 827 1748 id,
842 1679 920 1756 qnod
933 1678 1004 1736 aliae
1017 1678 1174 1738 meretrices
1184 1678 1276 1738 facere
1284 1679 1424 1760 fugitant.

577 1771 631 1831 La.
642 1771 792 1851 Phidippe,
807 1770 911 1840 nostrae
922 1770 1051 1830 mulieres
1065 1771 1203 1850 suspesian
1216 1772 1294 1831 fuisse
1307 1772 1377 1831 falso
1421 1790 1455 1832 rt

578 1870 681 1940 Nobis,
691 1869 720 1928 in
730 1867 824 1948 reipsa
832 1863 996 1924 invenimur.
1016 1865 1181 1944 porrohanc
1189 1887 1263 1924 nunc
1270 1869 1457 1946 experiamur.

578 1965 652 2022 Nam
667 1965 686 2022 si
697 1961 864 2040 compererit
872 1959 983 2018 crimini
994 1974 1044 2018 tua
1056 1960 1084 2020 se
1095 1959 1165 2018 falso
1179 1981 1250 2019 uxor
1262 1963 1415 2032 credidisse,

577 2056 862 2118 Missamiramsaciet.
875 2051 1102 2112 finautemestob
1110 2071 1172 2110 eam
1180 2069 1238 2111 rem
1244 2053 1332 2114 iratos
1338 2071 1456 2138 gnatus,

576 2156 667 2240 Qod
678 2151 788 2234 peperit
798 2149 966 2219 uxorclam3
986 2147 1153 2208 idleveest:
1174 2147 1234 2207 cito
1243 2149 1280 2209 ab
1289 2152 1460 2226 eohaecira
1564 2160 1565 2213 i

697 2245 834 2306 abscedet.
1418 2269 1454 2329 15

577 2342 708 2404 Proscsio
719 2343 847 2402 inhaere
857 2339 927 2399 nihil
937 2339 1005 2398 mali
1015 2339 1064 2409 est,
1072 2341 1150 2418 quod
1160 2340 1194 2398 fit
1201 2339 1318 2400 discidio
1323 2343 1453 2426 dignum.

577 2440 631 2498 Ph.
641 2438 735 2498 Velim
759 2436 873 2516 quidem
893 2434 996 2494 hercle.
1025 2434 1079 2495 La.
1097 2434 1240 2513 Exquirer
1260 2437 1353 2496 adesta
1375 2441 1455 2516 quod

632 2571 638 2584 -
696 2529 762 2592 satia
776 2531 819 2600 snt,
834 2521 919 2588 faciet
931 2528 1001 2609 ipsa.
1062 2583 1066 2588 .
1152 2608 1155 2615 ι
1362 2600 1366 2604 .

576 2627 629 2686 Pb.
640 2625 722 2711 Qid
735 2625 804 2684 mihi
817 2625 898 2684 istaec
912 2627 1027 2686 narras?
1046 2647 1092 2696 an,
1107 2625 1242 2703 quianon
1257 2640 1320 2686 tute
1330 2626 1388 2707 ipse
1398 2628 1450 2688 du·

589 2781 592 2788 ,
694 2717 762 2776 dum
776 2716 885 2788 audisti,
1129 2783 1133 2789 ,

575 2813 623 2875 Dc
636 2813 689 2874 hac
703 2835 732 2872 re
743 2813 850 2872 animur
864 2834 942 2872 mena
953 2827 986 2872 ut
999 2814 1043 2884 fit,
1055 2802 1185 2892 Laches?
1204 2810 1260 2869 illia
1274 2811 1356 2891 exple
1366 2815 1450 2872 modo

694 2923 827 2966 animum.
1563 2934 1564 2987 ;

572 2997 625 3060 La.
637 2999 751 3083 Qacso
767 2999 893 3080 aedepol,
909 2997 1040 3070 Bacchis,
1054 2985 1124 3059 rnihi
1136 2999 1214 3078 quod
1223 3020 1252 3058 cn
1260 2998 1388 3078 pollicita
1401 3016 1449 3062 tu·
1563 3002 1564 3043 ἓ

693 3107 732 3164 te,
747 3109 780 3152 ut
793 3094 894 3154 serven
1212 3149 1216 3155 ,
1410 3116 1452 3158 20
1563 3160 1564 3167 χ

571 3189 629 3252 Ba.
645 3187 694 3248 Ob
709 3210 770 3248 eam
785 3211 843 3248 rem
857 3191 897 3248 vis
912 3213 982 3272 ergo
996 3176 1072 3248 intro
1086 3180 1165 3248 eam?
1192 3185 1245 3246 La.
1259 3187 1286 3257 I,
1300 3201 1387 3265 atque
1400 3212 1449 3249 ex-
1563 3242 1564 3269 ,

588 3333 593 3342 .
692 3283 738 3364 ple
749 3284 871 3344 animum
882 3283 928 3354 iis,
942 3298 976 3342 nt
988 3285 1113 3342 credant.
1264 3359 1267 3364 Ι

569 3380 627 3438 Ba.
641 3378 702 3438 an
724 3379 772 3438 etsi
786 3378 852 3448 scio,
866 3377 927 3457 pol,
948 3377 982 3436 iia
997 3377 1057 3435 sore
1071 3396 1165 3435 meum
1185 3374 1364 3453 conspe6ium
1375 3369 1450 3434 invi·

690 3471 749 3532 snm
763 3463 862 3532 hodie:

570 3567 644 3626 Nam
659 3583 748 3647 nupta
760 3569 898 3630 meretrici
911 3566 998 3628 hostis
1009 3566 1058 3638 est,
1072 3588 1089 3629 a
1103 3566 1162 3625 viro
1176 3563 1387 3648 ubi-segregata
1398 3567 1449 3628 est.

567 3660 621 3718 La.
636 3661 682 3718 At
696 3662 748 3720 hae
767 3662 871 3722 amicae
890 3676 984 3733 erunt,
1004 3662 1065 3734 ubi,
1086 3663 1270 3742 quamobrem
1291 3663 1449 3733 adveneris,

689 3756 842 3816 resciscent.

569 3851 622 3910 Ph.
633 3847 678 3908 At
689 3851 796 3912 easdem
807 3853 912 3926 amicas
925 3853 987 3914 fore
1000 3853 1056 3913 tibi
1068 3855 1218 3933 promitto,
1234 3877 1294 3914 rem
1311 3855 1361 3914 ubi
1374 3876 1448 3938 cog·
1461 3927 1466 3932 ,

690 3945 825 4005 noverint.
1407 3971 1447 4032 ²5

567 4039 642 4100 Nam
652 4035 714 4100 illan
727 4061 829 4114 errore,
841 4053 869 4102 et
880 4055 908 4102 te
923 4039 1002 4103 fimul
1016 4041 1169 4123 suspicione
1180 4044 1310 4122 exsolves.
