3700 5259
591 863 639 921 sss
816 859 843 914 A
876 845 901 910 b
936 847 957 910 u
992 857 1015 910 u
1050 848 1071 909 r'
1103 850 1129 910 n
1161 843 1181 908 ι’.

590 973 652 1036 Nec
662 991 745 1052 quem
757 969 792 1027 ad
803 961 980 1028 obstetricem
993 965 1106 1026 mittam
1114 991 1124 1039 ;
1147 986 1198 1026 nec
1216 967 1265 1046 qui
1279 964 1391 1028 arcesse
1400 957 1455 1027 Ae·

710 1065 845 1126 schinum.
1440 1081 1456 1140 5

592 1165 642 1225 Ca.
655 1159 707 1222 Pol
721 1159 745 1220 is
756 1158 869 1236 quidem
880 1160 941 1236 jam
951 1149 998 1216 hic
1006 1152 1115 1218 aderit:
1138 1177 1203 1216 uam
1217 1176 1368 1234 numquam
1380 1167 1457 1216 unum

710 1251 875 1314 intermittit
886 1251 972 1323 diem,

589 1339 669 1437 Qin
686 1347 792 1426 semper
806 1346 908 1404 veniat.
939 1349 983 1406 So.
996 1347 1080 1407 Solus
1098 1361 1222 1408 mearum
1240 1345 1407 1408 miseriarum
1425 1343 1460 1401 est

711 1440 875 1502 remedium.
1368 1441 1456 1516 [heras

591 1542 642 1602 d'a.
659 1539 685 1598 E
699 1559 730 1598 re
744 1533 919 1596 natamelius
933 1535 994 1593 fieri
1007 1536 1084 1595 haud
1097 1536 1203 1615 potuit,
1218 1547 1305 1615 quam
1319 1532 1456 1604 fanumst,
1539 1572 1540 1577 κ

589 1635 714 1722 Qando
733 1632 832 1690 vitium
845 1629 974 1688 oblatum
987 1630 1024 1688 est
1032 1653 1041 1701 ς
1061 1633 1139 1710 quod
1152 1633 1190 1690 ad
1206 1632 1288 1692 illum
1301 1634 1401 1692 attinet
1411 1653 1457 1712 po·

598 1775 601 1782 ⁴
710 1725 858 1794 tissimum,
1539 1740 1540 1775 r

588 1822 701 1893 Talem,
710 1820 762 1880 tali
771 1839 884 1901 genem
899 1819 1208 1896 atqueanimo,.natum
1217 1841 1252 1882 ex
1262 1820 1456 1881 tantasamrlio

590 1923 635 1982 So.
645 1921 690 1980 Ita
697 1917 745 2000 pol
756 1917 803 1987 est,
811 1930 844 1976 ut
852 1914 937 1975 dicisz
953 1914 1044 1974 salvos
1054 1917 1147 1988 nobis,
1157 1917 1237 1977 Deos
1246 1918 1456 1998 quaeso,utfiet.

1538 1224 1540 1269 l

596 2051 599 2058 ’
718 2079 914 2142 Aenus
951 2079 1013 2138 111.
1063 2079 1263 2142 sentin
1298 2082 1344 2142 11.

672 2207 802 2256 GETA.
829 2207 1075 2256 sosTRATA.
1104 2209 1376 2258 CANTHARA.

970 2305 1082 2346 ΕΗΔ.

589 2378 720 2442 NUNC
734 2375 805 2438 illud
815 2371 863 2447 eil,
878 2380 957 2456 quod
969 2380 989 2437 fi
1000 2400 1095 2438 omnes
1110 2379 1203 2442 omnia
1217 2380 1265 2439 sua
1275 2379 1389 2438 consilis
1398 2396 1457 2437 con·

711 2475 813 2542 serant,

588 2572 691 2647 Atque
701 2569 767 2630 huic
776 2567 850 2626 malo
858 2567 975 2628 salutem
984 2583 1130 2646 quaerant,
1145 2569 1242 2630 auxilii
1250 2571 1323 2631 nihil
1332 2571 1458 2639 adferant,

524 2663 527 2668 ‘
589 2663 679 2750 Qud
688 2661 824 2738 mihique,
838 2661 986 2739 heraeque,
1000 2662 1131 2742 filiaeque
1141 2663 1223 2724 herili
1236 2665 1284 2724 est.
1306 2687 1360 2726 vae
1370 2664 1459 2723 misero

596 2815 599 2822 ,
710 2755 795 2816 mihi!

588 2851 651 2914 Tot
661 2875 705 2914 res
716 2864 830 2931 repente
843 2848 1066 2922 circumvallant,
1077 2855 1151 2912 unde
1164 2848 1272 2938 emergi
1282 2859 1339 2916 non
1348 2855 1446 2937 potesis

587 2951 651 3020 Vis,
665 2949 782 3034 egestas,
798 2948 941 3028 injustitia,
955 2948 1087 3021 solitudo,
1103 2950 1229 3022 infamia,
1440 2966 1456 3026 5

589 3039 720 3108 Hoccine
729 3043 845 3102 seclum!
862 3067 881 3102 o
891 3044 1006 3104 scelera!
1023 3067 1041 3104 o
1054 3069 1157 3132 genera
1168 3049 1322 3132 sacrilega!
1346 3046 1457 3109 ohomi·

711 3153 774 3195 nem
787 3133 944 3214 impurum!
1278 3151 1282 3155 ’

589 3236 633 3296 So.
644 3231 694 3292 Me
707 3230 850 3290 miseram!
868 3233 1002 3310 quidnam
1016 3238 1064 3308 est,
1086 3242 1164 3316 quod
1177 3242 1213 3300 sic
1228 3241 1311 3301 video
1324 3239 1467 3304 timidum,-

709 3337 737 3383 et
748 3341 947 3403 properantem
962 3331 1086 3391 Getam?

589 3419 640 3486 Ge.
649 3421 744 3508 Qem
756 3433 846 3496 neque
860 3421 940 3494 fides,
954 3443 1044 3504 neque
1060 3428 1267 3508 jusjurandum,
1282 3443 1373 3506 neque
1386 3424 1458 3487 illum

708 3515 896 3576 misericordia
1121 3543 1125 3548 ⁴

589 3615 738 3695 Repressit,
759 3629 848 3691 neque
866 3615 992 3676 reflexit:
1021 3633 1112 3696 neque
1132 3620 1211 3698 quod
1229 3634 1328 3700 partus
1347 3617 1459 3680 instabat

585 3770 587 3775 ,
729 3735 760 3770 ro
783 3735 814 3780 ee

587 3805 643 3868 Cui
657 3735 780 3864 misilaep
785 3797 901 3892 indigne
915 3825 966 3888 per
980 3808 1037 3867 vim
1051 3804 1152 3868 vitium
1165 3787 1318 3870 obtulerat.
1345 3813 1389 3870 So.
1398 3808 1457 3867 Non

703 3895 833 3980 intelligo
1087 3933 1090 3938 -
1423 3918 1457 3957 10

395 3979 398 3983 .
489 4077 491 4082 ,
587 3989 674 4065 Satis,
689 4013 762 4071 quae
775 3983 918 4073 loquatur.
943 3995 994 4057 Ca.
1007 3991 1140 4079 Propius,
1151 3997 1277 4070 obsecro,
1290 3999 1458 4063 accedamus

708 4089 843 4150 sostrata.
866 4091 994 4154 Ge.Ah!
1033 4137 1037 4144 .
1146 4096 1154 4152 l
