3700 5259
573 826 829 877 ncnusu.
876 828 1115 879 scuunn.
1267 842 1304 897 5,

404 932 479 1015 Ego
489 930 644 1011 impetrare
657 952 768 1011 nequeo
776 931 832 993 boc
842 929 894 991 aba
908 944 939 991 te
948 930 1078 1003 biduum,
1138 922 1140 931 ’

408 1027 521 1087 Saltem
532 1041 565 1087 ut
575 1028 715 1085 concedas
728 1025 838 1090 solum?
857 1028 912 1087 Pb.
922 1024 1072 1105 Siquidem
1082 1024 1201 1087 biduum
1208 1050 1219 1099 3

403 1127 517 1184 Verum
525 1144 560 1180 ne
569 1122 640 1179 fiant
651 1119 695 1177 isti
706 1119 809 1201 viginti
820 1119 890 1181 dice.

404 1217 943 1297 Th.Profediouonpiuebiduumqaut.
966 1216 1302 1279 Ph.Aut.³nihiluroror.

404 1312 463 1373 Th.
474 1313 540 1372 Nou
551 1313 615 1372 fiet:
629 1312 684 1371 boc
696 1313 784 1395 modo
795 1314 850 1371 fine
861 1326 891 1371 te
901 1333 1023 1373 exorem.
1046 1314 1100 1373 Pb.
1111 1311 1227 1373 Scilicet
1246 1332 1299 1396 105

404 1406 587 1465 Faciundum
601 1403 640 1463 est
654 1406 734 1483 quod
749 1405 803 1466 viu.
833 1405 885 1479 Th.
897 1406 1004 1469 Merito
1018 1426 1082 1467 amo
1096 1420 1133 1471 te.
1156 1408 1210 1467 Ph.
1224 1407 1301 1467 Rene

530 1499 611 1559 facie.

405 1596 473 1657 Rue
487 1594 552 1657 ibo:
567 1596 609 1655 ibi
623 1596 678 1665 hoc
691 1618 737 1657 me
751 1600 899 1659 macerabo
912 1598 1050 1661 biduu'me

402 1691 457 1751 Ita
466 1691 556 1751 facere
570 1705 680 1754 certum
694 1694 748 1755 est:
765 1717 827 1755 mos
841 1697 984 1779 gerundus
996 1696 1035 1755 est
1047 1693 1169 1771 Thaidi.

401 1787 468 1868 Tu,
483 1789 632 1861 Parmeno,
646 1790 704 1849 huc
717 1790 764 1851 fac
778 1791 822 1852 illi
835 1795 1022 1854 adducantur.
1046 1794 1101 1851 Pa.
1114 1788 1260 1853 Maxume.

402 1884 463 1943 Ph.
476 1884 512 1943 Iu
522 1886 577 1943 hoc
587 1886 717 1958 biduum,
729 1887 833 1959 Thais,
844 1887 916 1947 vale.
941 1884 992 1949 Th.
1006 1884 1050 1945 Mi
1060 1884 1217 1954 Phaedria
1241 1898 1297 1945 110

401 1980 450 2039 Et
458 1994 500 2039 tu.
522 1984 661 2061 numquid
675 1982 717 2043 via
732 1984 829 2044 aliud?
850 1985 904 2043 Ph.
916 1983 1019 2063 Egone
1030 1979 1102 2057 quid
1114 1978 1217 2041 velim?

401 2075 481 2142 Cum
487 2076 580 2151 milite
597 2076 648 2142 isto
658 2078 797 2159 praesens,
809 2077 908 2137 absene
923 2090 956 2135 ut
969 2074 1035 2137 fiee:

401 2171 481 2233 Dies
493 2172 643 2251 nubesque
657 2166 702 2232 ine
713 2194 805 2233 ames:
821 2195 866 2233 me
879 2166 1030 2233 debdereu:
1072 2172 1078 2187 '

400 2270 604 2331 Mesomniesr
621 2272 833 2352 meexspediea:
854 2273 890 2331 de
903 2291 949 2329 me
962 2269 1088 2351 cogitent
1146 2338 1149 2347 .
1274 2293 1278 2307 ¹

399 2363 457 2424 Me
466 2364 575 2444 speres:
590 2389 634 2425 me
647 2381 677 2427 te
686 2366 827 2427 oblectes:
843 2386 952 2425 mecum
963 2377 1025 2425 tote
1036 2365 1086 2423 sur
1238 2380 1292 2443 115

400 2461 491 2521 Meua
502 2462 547 2522 fac
555 2465 589 2523 fis
599 2465 739 2543 postremo
750 2465 871 2535 animur,
882 2464 997 2542 quando
1007 2484 1064 2545 ego
1074 2462 1134 2522 sum
1144 2472 1221 2519 tuuc.

403 2554 459 2615 Th.
469 2556 521 2623 Me
530 2558 671 2619 miseram!
689 2561 802 2621 forsitan
814 2561 860 2619 hic
872 2559 942 2618 mihi
951 2579 1069 2639 parvam
1083 2558 1188 2619 habeat
1196 2556 1292 2639 fidem,

389 2647 508 2731 ¹Atque
521 2674 556 2711 ex
565 2654 685 2715 aliarum
695 2656 817 2739 ingeniis
827 2678 901 2717 nunc
915 2677 959 2715 me
969 2655 1088 2736 judicet.

399 2747 472 2832 Ego
486 2748 548 2828 pol,
563 2752 715 2829 quaemihi
726 2754 785 2813 sum
798 2752 919 2823 conscia,
931 2752 986 2811 hoc
999 2766 1078 2813 certo
1089 2750 1157 2825 scio,

398 2844 504 2922 Neque
514 2866 560 2903 me
572 2847 679 2907 fiuxiffe
692 2848 753 2910 falfi
764 2850 932 2929 quidquam,
948 2868 1039 2926 neque
1050 2869 1113 2907 meo
1234 2864 1291 2923 με)

291 2983 292 2988 1
397 2938 491 2997 Cordi
501 2939 553 2997 effe
566 2962 738 3020 quemquam
752 2944 890 3004 cariorem
899 2945 955 3003 hoc
965 2944 1114 3009 Phaedria,

291 3035 292 3105 ἕ
397 3034 441 3095 Et
452 3034 595 3114 quidquid
608 3038 690 3117 hujus
705 3037 771 3109 feci,
785 3038 869 3100 cause
882 3038 1002 3121 virginio

398 3126 484 3194 Feci:
508 3154 575 3193 uam
588 3158 633 3195 me
642 3140 702 3217 ejur
717 3138 798 3218 spero
811 3138 928 3198 fratrem
939 3136 1146 3216 propemodum

397 3230 462 3307 Jarn
475 3232 637 3311 repperiffe,
648 3233 852 3294 adolescentem
865 3234 937 3291 adeo
951 3230 1092 3291 nobilem:

399 3324 441 3383 Et
454 3324 478 3382 is
490 3324 576 3383 hodie
586 3340 735 3407 venturum
749 3330 786 3388 ad
798 3351 843 3387 me
854 3325 1000 3386 constituit
1008 3327 1134 3385 domum.
1230 3343 1286 3407 125

398 3417 562 3497 &ubedam
572 3420 639 3479 hinc
649 3421 736 3497 intro,
751 3436 838 3502 atque
849 3420 1031 3500 aspediabo,
1040 3420 1110 3481 dum
1119 3415 1205 3477 veuit.
1274 3416 1278 3425 ’

512 3690 738 3791 uerus,
781 3692 826 3769 ιι,
877 3686 1099 3767 secun
1143 3688 1170 3747 1.

581 3812 832 3865 PHAEDRIA.
859 3812 1092 3861 PARMENO·

738 3927 946 3968 runcum.

464 3998 540 4072 AC,
551 4004 592 4061 ita
603 4008 636 4062 u't
643 4005 725 4083 juffr3
742 4007 922 4066 deducantur
935 4004 988 4065 isti.
1011 4006 1067 4065 Pa.
1080 4001 1205 4085 Faciam.
1228 4002 1283 4079 Ph,

547 4085 768 4170 Atdiligcuter.

802 4195 874 4275 Ha
