3700 5259
591 768 774 834 Aenus
807 779 838 832 v.
888 782 1070 834 scena
1103 772 1146 834 m'.
1280 795 1313 854 ,ς

435 931 1216 1012 ἺΜἏὉἮὍεν,εοΕΝΑνι

649 1075 838 1162 menna
873 1087 1103 1137 enumerem

800 1214 817 1251 1.
826 1212 844 1252 A
854 1214 870 1253 C
880 1213 898 1252 fl
908 1214 924 1252 E
933 1215 958 1252 8·

434 1275 505 1376 EX
519 1310 581 1349 meo
592 1287 827 1369 propinquorum
838 1290 893 1350 hoc
902 1289 986 1371 capio
994 1270 1147 1360 commodi,

379 1471 381 1476 Ι
436 1386 539 1462 Neque
550 1381 624 1467 agri,
639 1406 729 1464 neque
740 1385 819 1446 urbia
830 1387 925 1446 odium
935 1409 979 1446 me
991 1406 1115 1465 unquam
1125 1369 1255 1466 percipit.

439 1471 503 1542 Ubi
516 1480 600 1540 satias
614 1481 709 1562 coepit
717 1482 787 1552 fieri,
802 1496 947 1541 commuto
960 1482 1063 1542 locum.

441 1575 501 1635 Sed
512 1575 584 1635 estne
598 1569 645 1635 ille
660 1575 751 1636 noster
761 1577 918 1636 Parmeno?
938 1592 967 1635 et
977 1590 1052 1636 certe
1065 1575 1139 1655 ipsus
1153 1565 1201 1634 eii.

437 1662 535 1755 Qem
550 1669 728 1748 praestolare,
743 1671 890 1740 Parmeno,
901 1670 949 1728 hic
962 1683 1028 1728 ante
1041 1667 1160 1728 ostium?
1295 1671 1314 1749 y

436 1763 496 1826 Pa.
508 1759 582 1852 Qis
590 1765 676 1824 homo
682 1759 731 1826 ’'st?
744 1765 834 1836 ehem,
849 1765 954 1826 salvum
963 1780 992 1827 te
1002 1765 1140 1836 advenire,
1149 1766 1226 1837 here,
1238 1787 1313 1848 gau‹

562 1862 625 1920 deo.

436 1949 496 2017 La.
506 1958 602 2043 Quem
615 1952 801 2042 praestolare?
821 1959 877 2041 Pa.
891 1955 982 2016 Perii!
1005 1957 1104 2042 lingua
1116 1946 1214 2018 iraenei
1227 1971 1317 2018 metu-¹

436 2051 496 2112 La.
515 2049 607 2108 Hem!
633 2049 703 2129 quid
722 2049 778 2111 est?
803 2051 874 2130 quid
893 2053 1036 2133 trepidae?
1053 2054 1137 2114 satiu'
1156 2053 1246 2114 salve?
1269 2051 1318 2114 die·

563 2143 642 2204 mihi.

438 2244 498 2302 Pa.
508 2238 598 2309 Here,
609 2237 732 2318 primum
742 2251 771 2298 te
786 2237 927 2310 arbitrari,
942 2241 1020 2319 quod
1030 2255 1073 2301 ree
1082 2241 1131 2311 est,
1143 2240 1246 2301 veliunt·

437 2334 592 2423 Qidquid
601 2336 683 2414 hujue
692 2335 798 2396 fadum
809 2331 857 2407 est,
868 2335 953 2416 culpa
963 2357 1018 2395 non
1027 2336 1133 2398 facium
1141 2335 1180 2396 est
1189 2357 1261 2397 mea.
1280 2357 1319 2400 10

438 2433 498 2492 La.
507 2430 604 2517 Qid?
624 2435 680 2491 Pa,
692 2433 781 2492 Refie
794 2423 857 2520 sane
866 2431 1064 2520 interrogastie
1082 2431 1212 2512 oportuit

441 2528 518 2587 Rem
528 2525 711 2605 praenarrasse
724 2550 777 2586 me.
800 2523 881 2586 Emit
891 2527 1031 2606 quendam
1042 2526 1179 2587 Phaedria

438 2621 623 2692 Eunuchum,
634 2645 718 2701 quem
724 2619 869 2684 donohuic
877 2625 967 2682 daret.
982 2609 1119 2684 La.Cui?
1133 2616 1316 2683 Fa'l'haidi'.

436 2715 497 2779 La.
508 2717 603 2777 Emit!
625 2715 696 2797 perii
709 2719 811 2778 hercle.
827 2718 945 2797 quanti?
965 2721 1022 2778 Pa.
1033 2719 1147 2802 Viginti
1161 2720 1254 2780 minin.
1279 2728 1317 2798 1'4

437 2813 498 2872 La.
510 2811 619 2870 Adum
634 2809 681 2870 est.
711 2815 767 2872 Pa.
779 2809 856 2872 Tum
871 2813 1012 2892 quandam
1025 2812 1167 2873 fidicinam
1181 2828 1257 2872 amat
1269 2814 1320 2873 hic
1348 2808 1352 2814 ’

563 2907 700 2992 Chaerea.
1236 2910 1322 2986 [fiete

437 3003 497 3065 La.
511 2999 603 3063 Hem!
627 3005 715 3082 quid?
734 3007 828 3066 amati
848 3027 883 3064 an
894 3003 946 3063 scit
955 3006 1015 3084 jam
1028 2993 1085 3076 iile,
1100 3001 1171 3084 quid
1184 3005 1318 3066 meretrin

438 3102 493 3160 An
508 3100 537 3158 in
547 3099 621 3160 Astu
635 3101 731 3160 venit?
750 3101 829 3160 aliud
841 3122 875 3159 ex
887 3099 943 3158 alio
952 3098 1067 3180 malum.

438 3199 498 3256 Pa.
509 3191 600 3267 Here,
611 3219 645 3256 ne
655 3219 700 3257 me
713 3198 835 3278 species:
858 3217 902 3256 me
915 3195 1065 3275 impuisore
1076 3196 1145 3254 haec
1156 3218 1212 3256 non
1223 3197 1304 3256 facita

437 3292 497 3350 La.
508 3290 619 3350 Omitte
629 3293 664 3352 de
674 3306 702 3351 te
711 3292 818 3350 dicere:
842 3313 897 3374 ego
908 3305 948 3361 te,
959 3287 1085 3362 furcifer,

440 3387 473 3446 Si
486 3385 565 3446 vivo!
588 3387 635 3446 sed
649 3387 716 3446 istuc
727 3384 867 3464 quidquid
875 3385 923 3454 est,
938 3384 1061 3463 primum
1070 3386 1181 3464 expedi.
1279 3402 1320 3444 20

438 3483 498 3540 Pa.
512 3479 541 3536 Is
550 3501 603 3558 pro
617 3478 667 3538 illo
680 3478 820 3538 Eunucho
832 3478 868 3535 ad
878 3475 1163 3536 Thaidemdedudius
1178 3478 1226 3536 est.

439 3571 497 3634 La.
505 3575 561 3634 Pro
569 3571 753 3634 Eunuchon·'!
779 3570 946 3631 Pa.Sicest.
960 3572 1094 3651 huncpro
1102 3571 1320 3652 moechopostea
1435 3593 1438 3597 ·

439 3669 688 3749 Comprehendere
702 3668 789 3735 intuS,
804 3681 832 3726 et
841 3666 1037 3727 constrinxere.
1057 3669 1113 3727 La.
1125 3667 1235 3727 Occidi.

440 3767 498 3825 Pa.
508 3764 669 3824 Audaciam
681 3761 860 3822 meretricum
870 3758 973 3842 specie.
996 3761 1210 3841 Lea-Numquid
1221 3762 1259 3822 est

440 3859 535 3920 Aliud
544 3859 610 3919 mali
620 3857 757 3928 damnive,
769 3859 848 3936 quod
861 3880 916 3918 non
931 3857 1045 3928 dixeris,
1280 3877 1295 3916 2
1299 3871 1318 3934 ς

443 3953 614 4034 Reliquum?
645 3959 701 4016 Pa.
713 3951 840 4014 Tantum
855 3953 902 4013 est.
932 3953 988 4012 La.
999 3951 1078 4012 Ceiso
1095 3951 1150 4010 huc
1165 3951 1319 4017 introrumae
1381 4013 1385 4021 ,

561 4051 645 4130 pere?
