3700 5259
571 795 605 845 μ
783 740 1168 828 'nunnin

568 899 625 960 Pa.
636 896 769 965 Charine,
788 906 818 953 et
830 916 886 965 me,
904 910 933 953 et
947 908 976 954 te
995 892 1167 971 imprudena,
1189 890 1237 951 nist
1251 893 1321 971 quid
1341 895 1385 957 Dp
1399 920 1444 959 re,
1565 876 1566 911 i

688 988 819 1068 spiciunt,
833 988 953 1067 perdidi.
1444 1074 1450 1086 ¹

570 1090 618 1150 ch.
630 1089 721 1156 Itane,
735 1087 913 1166 imprudens?
925 1084 1038 1144 tandem
1051 1082 1162 1145 inventa
1178 1084 1210 1145 'st
1223 1084 1314 1143 musa.
1339 1086 1443 1149 solvisti
1565 1084 1566 1157 i

689 1182 782 1239 fidem.
1565 1186 1566 1193 ’

569 1280 625 1337 Pa.
632 1274 713 1360 Qid
720 1276 850 1334 tandem?
864 1276 921 1335 ch.
933 1270 1030 1331 Etiam
1041 1294 1113 1333 nunc
1124 1296 1168 1335 me
1178 1276 1278 1335 ducere
1289 1275 1347 1335 istis
1358 1274 1444 1337 dictis
1564 1316 1565 1363 ,

678 1368 828 1447 postulae?
1408 1390 1446 1430 20

569 1468 625 1524 Pa.
634 1462 715 1549 Qid
727 1464 795 1521 istuc
804 1464 859 1521 est?
901 1463 949 1523 Cb.
962 1462 1112 1541 Postquam
1121 1484 1164 1521 me
1175 1484 1269 1523 amate
1281 1464 1352 1535 dixi,
1363 1486 1445 1525 cum·

557 1588 563 1595 ·
688 1557 841 1637 placitaest
854 1556 917 1615 tibi.

569 1657 638 1716 Heu
652 1675 696 1713 me
707 1652 849 1711 miserum!
873 1650 924 1729 qui
937 1664 1017 1711 tuum
1031 1652 1153 1713 animum
1166 1674 1201 1713 ex
1214 1658 1307 1715 auimo
1321 1654 1446 1734 spedtavi

690 1770 762 1807 meo.
802 1790 807 1807 ‚

567 1850 626 1909 Pa.
639 1845 734 1905 Falsus
745 1862 784 1902 et.
827 1843 875 1902 Ch.
885 1841 987 1901 Nonne
1000 1842 1054 1903 tibi
1067 1842 1132 1925 satie
1146 1845 1197 1907 effe
1210 1846 1265 1907 hoc
1278 1846 1365 1907 visum
1376 1848 1444 1909 soli·

688 1942 756 2000 dum
767 1935 805 1996 est
817 1937 965 2019 gaudium,

568 2036 629 2097 Nifi
641 2056 686 2095 me
698 2029 821 2092 latiaffes
834 2045 985 2101 amantem,
998 2044 1029 2089 et
1041 2030 1108 2092 falsa
1122 2031 1168 2111 spe
1178 2035 1366 2111 produceres?

570 2129 699 2189 Habeat.
740 2128 797 2186 Pa.
809 2122 960 2186 Habeam?
985 2124 1038 2204 ah!
1065 2124 1162 2195 nescis,
1179 2128 1293 2205 quantia
1311 2127 1341 2187 iu
1361 2128 1447 2189 malie

690 2220 778 2280 verser
792 2218 884 2287 miser,
1407 2243 1424 2285 2
1428 2243 1446 2303 5

567 2315 753 2405 Qantasque
762 2311 809 2371 hic
819 2311 874 2371 suia
886 2312 1005 2373 confiliia
1019 2313 1088 2375 mihi
1098 2316 1220 2377 confecit
1229 2310 1446 2389 sollicitudines,

568 2414 653 2474 Meua
666 2409 799 2470 carnifex.
842 2408 891 2467 Ch.
900 2408 981 2493 Qid
993 2408 1062 2467 istuc
1075 2424 1133 2471 tam
1147 2412 1248 2471 mirum
1261 2414 1310 2485 est,
1329 2415 1365 2471 de
1378 2427 1410 2473 te
1425 2415 1446 2473 fi

682 2502 840 2583 exemplum
852 2501 946 2580 capit?

570 2606 627 2663 Pa.
639 2601 730 2661 Haud
741 2599 810 2676 istuc
827 2598 915 2670 dican,
935 2598 1099 2681 ficognprie
1118 2600 1174 2665 nel·
1185 2622 1239 2671 nie,
1262 2600 1304 2660 vel
1318 2622 1446 2663 amorem

690 2716 792 2755 meum.

471 2842 476 2847 .
572 2793 620 2855 Ch.
633 2792 708 2854 Seio.
723 2814 787 2853 cum
799 2805 880 2870 patre
893 2790 1030 2851 altercasti
1043 2791 1163 2851 dudum:
1186 2802 1216 2848 et
1228 2788 1252 2847 is
1267 2811 1340 2851 nunc
1353 2810 1445 2873 prop-

689 2902 765 2947 terea
775 2884 829 2944 tibi
1405 2906 1446 2965 ²9

571 2982 733 3045 Succenset:
748 3006 798 3043 nec
811 2998 840 3042 te
853 2982 944 3061 quivit
956 2982 1039 3041 hodie
1052 3003 1164 3065 cogere,
1179 2980 1256 3039 illam
1270 2995 1304 3049 ut
1315 2982 1444 3044 duceres·
1564 3012 1566 3031 π

572 3081 627 3137 Pa.
639 3080 730 3137 Immo
743 3079 838 3147 etiam,
852 3090 956 3155 quotu
967 3077 1057 3135 minus
1071 3076 1121 3134 scia
1136 3098 1280 3135 aerumnas
1294 3098 1386 3137 measa

571 3158 638 3229 Hae
652 3171 765 3251 nuptiae
778 3192 834 3229 non
843 3172 1052 3251 apparabantur
1065 3170 1149 3229 mihi:

570 3262 632 3323 Nec
641 3262 800 3343 postulabat
813 3284 885 3322 nunc
895 3263 1042 3341 quisquam
1055 3282 1171 3321 uxorem
1181 3263 1256 3320 dure.

572 3362 620 3421 Ch.
633 3360 714 3420 Scio:
729 3374 762 3419 tu
774 3360 886 3418 condus
901 3358 1106 3423 tua-voluntate
1121 3377 1169 3415 es,
1183 3359 1239 3415 Pa.
1251 3354 1346 3413 Mane.
1405 3376 1446 3435 34

570 3456 704 3517 Nondum
718 3455 778 3514 scis.
802 3457 849 3517 ch.
861 3455 926 3514 Scio
940 3454 1069 3533 equidem
1082 3452 1160 3511 illam
1173 3453 1323 3525 dutturum
1337 3452 1387 3511 effe
1402 3468 1457 3512 te.›

571 3554 627 3611 Pa.
639 3552 698 3610 Cur
708 3572 751 3609 me
761 3549 871 3609 enicat?
882 3550 936 3607 hoc
950 3548 1029 3607 audi:
1047 3568 1189 3626 nunquam
1200 3546 1306 3605 destitit

573 3644 687 3712 Instare,
698 3657 730 3701 ut
743 3642 873 3712 dicerem,
886 3664 931 3700 me
944 3642 993 3701 effe
1006 3642 1165 3710 dut’turum,
1178 3640 1268 3719 patri:
1320 3650 1323 3657 '

570 3736 704 3801 Suadere,
717 3752 807 3803 orate,
817 3733 903 3811 usque
916 3734 987 3791 adeo
999 3732 1087 3791 donec
1096 3730 1229 3813 perpulit.

572 3834 620 3894 ch.
632 3829 894 3915 Qiuhomoistuc?
915 3831 971 3887 Pa.
983 3829 1090 3887 Davus.
1113 3824 1285 3887 Ch.Davoe!
1309 3828 1364 3883 Pa.
1378 3824 1442 3883 Da-

691 3946 739 3983 uos
752 3924 855 3983 omnia.

509 3964 514 3976 ¹
572 4020 621 4080 ch.
629 4015 841 4105 Quamobrem?
861 4018 918 4076 Pa·
929 4014 1044 4078 Nescio:
1071 4012 1121 4074 nist
1136 4012 1205 4073 mihi
1220 4012 1300 4074 Deos
1314 4012 1379 4075 satia
1401 4033 1446 4091 40
