3700 5259
544 857 816 916 'Aetnen
853 855 1100 908 sennen.
1213 853 1273 926 'us

383 969 475 1038 Adeo
485 971 634 1054 depexum,
648 989 691 1044 ut,
703 973 771 1033 dutn
782 970 866 1042 vivat,
881 965 1038 1030 meminerit
1052 965 1160 1045 semper
1174 967 1250 1030 mcii

381 1075 447 1162 Qi
461 1073 514 1134 fibi
528 1093 572 1130 me
583 1093 636 1151 pro
649 1068 779 1139 ridiculo,
794 1089 827 1126 ac
838 1066 1042 1126 delectamento
1056 1074 1150 1140 putat.

381 1169 464 1240 Nou,
479 1169 522 1227 ita
535 1187 579 1226 me
596 1167 639 1226 Dr
653 1167 765 1226 ament!
787 1163 902 1224 auderet
912 1161 982 1220 haec
993 1158 1084 1219 facere
1095 1157 1195 1220 viduae
1208 1181 1271 1220 mu·

510 1259 584 1331 lieri,
1231 1259 1273 1318 80

382 1357 471 1444 Qae
482 1354 513 1414 in
527 1375 572 1414 me
586 1352 662 1413 secit.

530 1471 734 1578 ‘Actus
768 1505 806 1575 v.
850 1503 1043 1574 setun
1078 1509 1122 1574 11.

384 1653 597 1704 CLITIPHO.
618 1649 884 1699 MENEDEMUS.
910 1649 1112 1699 CHREMES.
1140 1651 1271 1701 SYRUS.

732 1743 932 1788 cttrtrtio·

386 1827 555 1888 ITANE
566 1827 690 1896 tandem,
705 1825 817 1902 quaeso,
830 1825 1007 1896 Menedeme‚
1022 1832 1055 1885 ut
1068 1834 1150 1904 pater

384 1919 501 1981 Tamin
511 1911 808 2000 brevsspatioomnem
818 1923 852 1980 dc
862 1944 905 1981 me
915 1922 1027 2002 ejecerit
1036 1910 1273 2000 animumpatrii?

385 2019 546 2105 Qodnam
564 2017 603 2074 ob
616 2015 742 2076 facinus?
761 2015 832 2094 quid
844 2031 899 2100 ego
917 2030 1029 2076 tantum
1048 2012 1156 2075 sceleris
1177 2016 1273 2076 adniti

515 2111 616 2171 miser?

386 2197 622 2293 Volgo'saciuni.
655 2203 716 2268 Me.
728 2203 804 2279 Scio,
825 2206 879 2270 tibi
897 2209 1020 2270 essehoc
1040 2207 1157 2294 gravius
1171 2208 1273 2282 inulto,

510 2321 549 2359 ‘ac
563 2299 671 2369 durius,
1253 2323 1276 2381 4

387 2393 447 2456 Cui
454 2396 506 2456 fite
518 2411 612 2454 return
618 2393 756 2476 egohaud
762 2397 853 2456 minue
860 2417 945 2480 aegre
951 2399 1054 2478 patior,
1061 2398 1092 2460 id
1098 2394 1159 2477 qui,
1167 2395 1257 2456 nescio
1264 2421 1275 2470 ;

387 2487 451 2548 Nec
462 2485 603 2546 rationein
615 2485 708 2564 capio,
720 2485 769 2580 nisi
780 2491 859 2567 quod
869 2491 923 2549 tibi
938 2492 1008 2551 bene
1019 2493 1158 2550 exanimo
1170 2491 1244 2550 volo.

390 2586 439 2646 CL'
448 2580 513 2646 Hic
526 2583 636 2662 petrem
650 2579 756 2640 adstare
771 2583 885 2662 ajebat?
911 2587 973 2647 Me.
984 2587 1107 2647 Eccum!
1137 2587 1185 2649 ch.
1195 2583 1277 2672 Qid

518 2699 562 2736 me
573 2676 692 2747 incusas,
708 2677 856 2756 Clitipho?
917 2697 918 2702 ’

388 2771 547 2860 Qidquid
557 2791 612 2856 ego
625 2773 709 2852 hujus
720 2769 786 2842 feci,
800 2773 854 2833 tibi
865 2772 1006 2856 prospexi,
1018 2791 1045 2836 et
1057 2776 1190 2837 stultitiae
1200 2791 1276 2836 tuae.

391 2868 456 2928 Ubi
471 2881 502 2926 te
515 2867 572 2928 vidi
582 2869 675 2928 animo
689 2867 740 2926 csse
754 2867 860 2940 omisso,
875 2884 914 2941 et,
926 2871 1018 2931 suavia
1029 2873 1057 2930 in
1068 2871 1223 2950 praesentia

319 2992 322 2998 ¹
390 2963 478 3050 Qae
489 2961 583 3034 essent,
596 2963 687 3044 prima
698 2961 812 3033 habere,
827 2983 917 3042 neque
928 2965 1069 3025 consulere
1079 2966 1108 3024 in
1119 2963 1278 3048 longitudi-

518 3081 598 3120 nem:
1241 3080 1279 3122 ιο

391 3152 472 3234 Cepi
486 3154 636 3226 rationem',
656 3167 690 3215 ut
705 3173 796 3232 neque
813 3173 922 3238 egeres,
943 3176 1034 3236 neque
1052 3169 1086 3215 ut
1095 3149 1279 3238 ,baec'poffen

533 3253 638 3310 erdere.

393 3345 467 3415 Ubi,
484 3275 531 3406 cui
541 3341 749 3424 decuit'primo,
763 3340 818 3401 tibi
832 3363 887 3400 non
901 3340 983 3402 licuit
997 3357 1088 3424 perte
1101 3343 1171 3404 mihi
1181 3345 1259 3414 dare,

392 3437 513 3498 Abii-ad
523 3438 679 3518 proximos,
691 3436 741 3515 qui
750 3449 831 3495 erant
839 3436 908 3496 tibi:
925 3437 965 3497 eis
974 3441 1109 3510 commisi,
1119 3455 1149 3498 et
1156 3438 1278 3499 credidit

396 3533 443 3592 sbi
455 3547 523 3591 tuae
536 3533 669 3592 stultitiae
680 3532 787 3610 semper
801 3528 858 3604 erit
865 3531 1045 3610 praesidium,
1059 3533 1205 3611 Ciitiphot

370 3697 374 3706 ⁵
394 3629 510 3699 Victus,
519 3629 644 3701 vestitus,
654 3649 712 3707 quo
721 3627 750 3684 iu
758 3627 865 3686 tedium
874 3641 903 3685 te
914 3637 1050 3706 receptet.
1074 3629 1116 3688 Cl.
1125 3627 1185 3686 Hei
1194 3626 1279 3686 mihi!

398 3723 447 3783 Cb.
462 3725 558 3785 Satius
572 3725 621 3797 est,
643 3745 729 3805 quam
743 3737 772 3783 tc
786 3723 846 3804 ipsu
860 3723 963 3785 herede
976 3727 1046 3784 haec
1058 3723 1193 3804 possidere
1207 3724 1281 3784 Bac·

522 3819 643 3879 ebidem.
1246 3821 1284 3882 16

397 3915 445 3992 Sy.
458 3913 598 3994 Disperii!
616 3911 743 3974 scelestus
755 3927 876 3994 quantae
888 3915 988 3974 turbae
1001 3913 1112 3974 concivi
1126 3913 1243 3974 insciens
1254 3917 1266 3985 !¹

400 4009 443 4070 ct.
455 4009 554 4068 Emori
563 4011 658 4091 cupio.
683 4013 731 4072 Ch.
742 4011 836 4080 Prius,
845 4009 958 4088 quaeso,
965 4007 1048 4078 disce,
1056 4008 1127 4086 quid
1135 4009 1169 4069 fit
1177 4008 1285 4095 viveret

399 4104 462 4164 Ubi
475 4104 586 4180 scienti
599 4106 759 4188 displicebit
775 4107 844 4176 vita,
858 4121 921 4168 tum
935 4107 1003 4168 istoc
1018 4106 1116 4168 utitor.
