3700 5259
531 858 715 911 Aenus
749 860 783 910 n.
834 858 1017 910 scnnn
1051 860 1096 908 m.
1211 856 1243 919 ις

384 970 434 1031 ea.
445 970 522 1055 Age,
542 971 652 1051 inepte!
688 972 737 1032 cb.
752 970 822 1029 Hoc
839 970 934 1030 hercle
952 969 1059 1029 haum
1074 966 1128 1027 este
1149 964 1195 1024 fac
1207 965 1243 1024 fio

491 1090 563 1126 nunc
575 1068 706 1147 promiss'a
718 1080 888 1147 appareant:

382 1160 438 1220 Sive
447 1163 514 1220 adeo
521 1163 610 1245 digna
622 1181 666 1221 res
679 1164 729 1233 est,
737 1163 788 1221 ubi
801 1175 835 1221 tn
848 1182 945 1220 nervon
957 1160 1085 1220 intendas
1098 1172 1174 1217 tuot.
1204 1174 1244 1214 ιο

381 1254 463 1315 Haud
474 1257 567 1316 fimilis
577 1258 660 1339 virgo
668 1256 856 1338 estvirginnm
866 1256 1037 1327 nostrarum
1058 1276 1129 1335 quae
1140 1268 1243 1312 matter

382 1349 636 1502 Demiffiihiiireddris
650 1434 712 1511 effe,
723 1443 818 1501 vindo
830 1442 956 1521 pedore,
969 1455 1002 1503 ut
1010 1440 1130 1523 graciles
1144 1439 1229 1509 flente

382 1536 409 1595 Si
420 1558 473 1615 qua
484 1538 521 1597 est
532 1538 658 1596 habitior
665 1537 773 1617 paullo,
786 1537 915 1619 pugssem
923 1535 974 1595 effe
984 1535 1079 1595 aiunt:
1100 1537 1243 1595 deducunt

380 1635 621 1787 Tametficiioliddist
634 1741 745 1798 natura,
758 1729 880 1806 reddnnt
889 1739 1022 1785 curatura
1030 1728 1156 1805 juncens.

381 1818 472 1899 Itaque
485 1844 557 1905 ergo
574 1838 714 1881 amantur.
736 1825 792 1881 Pa.
801 1822 884 1908 Qid
895 1836 946 1881 tua
956 1820 1076 1881 isthaec?
1103 1820 1150 1881 Cb.
1163 1820 1244 1879 Nom

490 1918 585 1999 figure
598 1917 666 1975 orie.
688 1920 744 1975 Pa.
756 1918 867 1995 Papae!
1206 1931 1243 1993 ις

380 2005 422 2065 cb.
435 2007 520 2067 Color
533 2029 625 2077 verus,
638 2028 742 2086 corpus
755 2010 886 2077 solidum,
900 2021 931 2067 et
945 2005 1019 2066 succi
1033 2004 1157 2086 plenum.
1186 2008 1244 2064 Pa.

489 2102 590 2160 Anni?
612 2102 767 2160 Cb.Anni?
785 2102 932 2161 sexdecim.

378 2196 429 2254 Pa.
440 2194 503 2255 Flos
516 2196 587 2276 ipse.
617 2197 667 2255 ch.
685 2196 772 2255 Hanc
792 2210 826 2257 tu
843 2197 914 2257 mihi
927 2194 970 2255 vel
984 2193 1022 2267 vi,
1042 2193 1085 2253 rel
1097 2191 1182 2266 clam,
1202 2191 1246 2253 vel

488 2291 619 2371 precario

297 2463 298 2466 Ἴ
377 2380 428 2443 Fac
439 2387 552 2445 tradant
574 2406 636 2445 mea
649 2384 720 2452 nihil
732 2386 828 2457 refert,
841 2390 910 2447 dum
923 2387 1018 2467 potior
1029 2384 1123 2445 modo.

377 2482 531 2568 PaQid?
551 2482 644 2563 virgo,
657 2484 722 2560 cuja
732 2482 789 2541 est?
809 2484 858 2542 Cb.
873 2482 976 2542 Nescio
987 2481 1089 2541 hercle.
1112 2484 1168 2541 Pa.
1181 2482 1245 2542 Un-

297 2617 298 2620 =
488 2578 524 2637 dc
536 2576 596 2637 est?
616 2578 666 2637 Cb.
680 2577 881 2637 Tantumdem.
903 2580 960 2637 Pa.
975 2576 1036 2636 Ubi
1050 2574 1180 2637 habitat?

297 2737 298 2754 χ
377 2670 420 2731 ch.
434 2672 478 2734 Ne
490 2673 523 2732 id
539 2672 664 2751 quidem.
695 2677 752 2733 Pa.
768 2674 830 2734 Ubi
849 2672 959 2733 vidisti?
988 2670 1037 2734 Ch.
1057 2672 1092 2731 In
1105 2672 1158 2733 via.
1189 2676 1245 2733 Pa.

372 2798 376 2805 -
487 2771 559 2855 Qa
571 2769 681 2829 ratione
694 2768 802 2829 amisti?
1208 2790 1248 2849 30

297 2875 298 2942 j
376 2860 419 2918 ch.
432 2862 468 2919 Id
480 2862 613 2940 equidem
624 2862 770 2923 adveniens
781 2882 891 2921 mecum
900 2858 1094 2919 stomachabar
1103 2862 1205 2923 modoe

374 2952 429 3014 Nec
442 2969 615 3035 quemquam
628 2958 680 3018 ess'e
697 2980 754 3041 ego
772 2960 915 3019 hominem
933 2956 1066 3027 arbitror,
1086 2958 1133 3017 cui
1154 2960 1246 3043 magis

490 3051 585 3111 bonae

375 3138 531 3203 Felicitates
546 3166 642 3205 omnes
653 3148 781 3209 adversae
793 3148 872 3207 fient.

375 3238 425 3295 Pa.
434 3238 517 3322 Qid
533 3239 588 3297 hoc
602 3239 641 3299 est
654 3238 782 3300 sceleris?
802 3240 851 3301 cb.
866 3238 951 3301 Perii.
979 3242 1036 3300 Pa.
1047 3241 1128 3329 Qid
1141 3240 1247 3303 factum

483 3331 536 3390 'stt
558 3333 607 3391 Ch.
620 3331 740 3414 Rogat?

372 3424 459 3484 Patris
473 3425 640 3508 cognatum,
655 3440 742 3504 atque
755 3423 911 3505 aequalem,
925 3426 1170 3500 Archidemidem,
1209 3449 1245 3510 35

374 3520 525 3582 Novistin’?
545 3526 601 3582 Pa.
613 3522 741 3608 Qidni?
762 3524 811 3584 Ch.
823 3524 863 3594 1³,
872 3524 940 3583 dum
948 3525 1048 3604 sequor
1057 3526 1140 3597 hanc,
1151 3527 1184 3584 fit
1192 3526 1246 3586 mi·

487 3616 653 3675 hiobviam.
747 3625 750 3631 '

374 3710 424 3768 Pa.
437 3710 621 3794 Incommode
634 3710 737 3770 hercle.
761 3710 810 3771 Ch.
823 3709 916 3771 Immo
931 3710 1070 3771 enimvero
1081 3712 1245 3779 infeliciter:

373 3802 442 3863 Nam
455 3806 634 3867 incommoda
648 3808 704 3867 alia
717 3808 781 3867 sunt
794 3807 922 3879 dicenda,
937 3810 1084 3869 Parmeno.
1200 3855 1201 3859 η

375 3898 457 3980 Illum¹
468 3902 561 3980 liquet
571 3904 641 3963 mihi
652 3906 786 3985 dejerare,
801 3904 845 3963 his
860 3904 997 3963 menfibus

374 3987 545 4074 Sex'ser'r'tem
559 3996 686 4075 prorsum
700 4020 755 4056 non
765 3998 857 4058 vidiffe
870 3998 1017 4078 proximis,
1208 4022 1249 4082 40

374 4084 429 4147 Nifi
443 4111 528 4161 nunc,
539 4112 605 4151 cum
618 4090 733 4152 minime
742 4092 852 4165 vellem,
863 4093 1033 4173 minimeque
1047 4114 1118 4175 opus
1129 4096 1194 4158 fuit.

799 4192 815 4249 I
