3700 5259
575 843 830 892 setosis.
871 843 1055 893 sessui
1085 840 1105 889 1.
1254 836 1288 907 'ss

408 948 477 1009 Scio
491 946 568 1008 fuille
578 950 678 1022 iratos,
692 950 742 1029 qui
752 950 971 1011 auscultaverim.

412 1046 462 1126 Ch.
471 1045 590 1102 Fadium
600 1046 714 1115 hocell,
723 1046 823 1107 Dave?
836 1048 895 1107 Da.
906 1049 1033 1109 Factum.
1057 1048 1104 1108 ch.
1113 1044 1207 1105 Hem!
1220 1038 1289 1120 quid

535 1137 589 1206 ais,
603 1136 710 1197 scelus?

410 1229 458 1288 At
466 1229 523 1288 tibi
533 1232 577 1289 Dl
588 1233 705 1315 dignum
719 1233 800 1293 fadis
813 1233 931 1295 exitium
945 1234 1035 1295 duint.

412 1324 492 1394 Eho,
505 1325 554 1383 dic
566 1326 646 1397 mihi,
659 1328 679 1384 li
691 1348 788 1387 omnes
801 1330 1040 1409 huncconjedtum
1054 1327 1081 1385 in
1095 1324 1208 1404 nuptias
1282 1387 1286 1398 ,

414 1420 534 1479 Inimici
542 1417 659 1483 vellent:
685 1424 772 1499 quod,
787 1423 835 1481 nifi
850 1424 914 1492 hoc,
930 1422 1073 1481 consilium
1087 1418 1204 1479 darent?
1249 1434 1287 1493 45

414 1514 473 1573 Da.
487 1515 634 1594 Deceptus
648 1516 717 1584 sum,
732 1530 762 1574 at
776 1538 831 1573 non
845 1515 1028 1597 defatigatus.
1054 1516 1102 1575 Ch.
1113 1513 1188 1573 Scio.

414 1610 473 1668 Da.
486 1608 558 1669 Hac
568 1632 622 1669 non
636 1610 767 1679 l'uccellit‚
781 1609 836 1667 alia
849 1610 1048 1691 aggrediemur
1061 1609 1114 1667 via.

414 1704 472 1763 Nifi
486 1706 519 1765 id
532 1700 626 1785 pistas,
640 1705 707 1783 quia
719 1704 811 1784 primo
821 1705 950 1785 procellit
959 1723 1069 1784 parum,

309 1865 312 1872 ¹
414 1798 481 1857 Non
492 1800 567 1878 polle
576 1804 635 1880 jam
649 1800 813 1860 adsalutem
826 1800 951 1859 converti
965 1802 1019 1859 hoc
1030 1796 1145 1857 malum.

415 1892 472 1952 Pa.
484 1895 578 1953 Immo
591 1896 691 1956 etism:
712 1918 775 1955 nam
789 1896 854 1955 satis
869 1898 964 1967 credo,
978 1897 998 1953 fi
1012 1890 1217 1974 advigilaveris,
1252 1906 1290 1967 50

415 1987 462 2045 Ex
473 1986 538 2047 unis
551 1990 678 2071 geminas
685 1991 754 2051 mihi
767 1992 896 2052 conficies
911 1991 1035 2070 nuptias.

414 2083 475 2143 Da.
486 2084 566 2166 Ego,
576 2085 732 2166 Pamphile,
746 2088 800 2146 hoc
813 2088 867 2147 tibi
879 2110 933 2167 pro
946 2084 1057 2145 servitio
1070 2080 1170 2150 debeo,

414 2178 525 2238 Conari
536 2182 676 2252 manibus,
690 2181 819 2261 pedibus,
833 2178 1102 2261 noctesqueetdies,
1248 2172 1250 2181 ¹

415 2274 530 2354 Capitis
543 2275 678 2353 periclum
692 2277 778 2348 adire,
792 2279 859 2336 dum
873 2278 977 2358 prosim
990 2276 1054 2337 tibi.

413 2367 568 2440 Tuumdl,
578 2371 678 2449 liquid
687 2388 798 2451 praeter
806 2374 881 2453 spem
892 2373 993 2443 evenit,
1006 2370 1073 2433 mihi
1084 2365 1235 2452 ignoscere.
1252 2380 1288 2441 55

353 2502 357 2506 -
415 2462 522 2523 Parum
531 2464 740 2547 succedihquod
751 2489 823 2551 ago:
845 2483 876 2528 at
884 2468 957 2528 facio
968 2466 1071 2541 sedulo.

414 2557 471 2616 Vel
484 2558 585 2617 melius
598 2572 659 2619 tute
672 2561 777 2640 reperi:
793 2582 837 2621 me
849 2561 955 2621 millum
963 2560 1039 2619 ¹face.

414 2656 474 2713 Pa.
483 2654 595 2735 Cupio:
609 2654 732 2727 restitue,
746 2656 775 2715 in
786 2678 869 2736 quem
884 2677 927 2717 me
941 2652 1080 2735 accepisti,
1093 2652 1196 2713 locum.

413 2750 476 2825 Da.
492 2749 616 2809 Faciam
645 2754 700 2810 Pa.
709 2752 756 2810 At
764 2754 824 2831 jam
837 2753 892 2811 hoc
902 2774 973 2831 opus
987 2750 1035 2809 est.
1066 2740 1125 2807 Da.
1136 2744 1230 2804 Hem!
1248 2736 1290 2809 Ἠ,

536 2868 634 2908 manet
654 2850 817 2929 concrepuit
830 2870 847 2908 a
860 2846 998 2927 Glycerio
1012 2844 1120 2906 ouium.
1194 2858 1198 2867 ’

416 2946 474 3002 Pa.
484 2942 565 3001 Nihil
575 2946 657 3005 adte.
687 2944 880 3034 DmQaem.
909 2944 1070 3006 PuHemt
1086 2932 1290 2997 Nuncciuede·

539 3042 635 3101 mum?
654 3041 714 3101 Da.
722 3041 768 3101 At
778 3044 838 3121 jam
850 3042 906 3100 hoc
919 3038 974 3099 tibi
987 3038 1129 3095 inventum
1142 3030 1226 3089 dabo.
1246 3031 1292 3121 ¹60

539 3231 754 3324 'Aesus
790 3232 843 3289 1v.
886 3224 1076 3289 scsuA
1112 3222 1155 3281 11.

416 3375 551 3426 MYSIS.
581 3375 844 3425 PAMPHILUS.
874 3372 1112 3452 CHARlNUS,
1139 3364 1290 3415 DAVUS.

793 3488 929 3526 usus..

417 3561 525 3641 JAM,
539 3559 588 3621 uu
599 3559 648 3620 uu
662 3544 727 3632 eru,
740 3559 882 3621 inventum
892 3558 946 3619 su
956 3557 1072 3627 curabo,
1082 3566 1109 3614 et
1120 3572 1228 3613 mecum
1239 3553 1288 3613 aa.

464 3670 468 3676 '
536 3656 653 3714 ductum
1031 3708 1035 3715 ,

417 3754 514 3814 Tuum
522 3751 716 3831 Pamphilum:
731 3764 764 3810 tu
772 3750 867 3821 modo,
876 3749 966 3808 anime
976 3746 1024 3817 mi,
1035 3743 1092 3816 noli
1102 3758 1130 3803 te
1139 3763 1291 3813 macerare.¹

417 3849 586 3929 Pa.Myl1s,
599 3845 738 3925 quidest?
779 3847 840 3922 My.
853 3844 943 3914 Hem,
958 3840 1115 3923 Pamphile,
1130 3856 1245 3922 optume
1259 3856 1288 3903 te

422 3936 425 3941 ’
536 3943 606 4003 mihi
616 3942 708 4001 offers.
731 3944 787 4001 Pa.
796 3940 878 4025 Qid
887 3940 942 3999 est?
1066 4003 1075 4015 .
1279 3932 1281 3937 ’

410 4042 479 4129 My.
491 4039 678 4119 Orarejullit,
692 4040 711 4097 fi
725 4038 752 4098 le
765 4058 852 4105 ames,
866 4036 943 4106 hera,
952 4036 1013 4113 jam
1026 4048 1059 4095 ut
1069 4033 1105 4094 ad
1118 4030 1144 4091 se
1158 4032 1266 4103 veniam
