<?xml version="1.0" encoding="UTF-8"?>
<!DOCTYPE html PUBLIC "-//W3C//DTD XHTML 1.0 Transitional//EN"
    "http://www.w3.org/TR/xhtml1/DTD/xhtml1-transitional.dtd">
<html xmlns="http://www.w3.org/1999/xhtml" xml:lang="en" lang="en">
 <head>
  <title>
</title>
<meta http-equiv="Content-Type" content="text/html;charset=utf-8" />
  <meta name='ocr-system' content='tesseract 3.04.00' />
  <meta name='ocr-capabilities' content='ocr_page ocr_carea ocr_par ocr_line ocrx_word'/>
</head>
<body>
  <div class='ocr_page' id='page_1' title='image "./publiiterentiia02teregoog/publiiterentiia02teregoog_0288.png"; bbox 0 0 3700 5259; ppageno 0'>
   <div class='ocr_carea' id='block_1_1' title="bbox 547 824 1169 889">
    <p class='ocr_par' dir='ltr' id='par_1_1' title="bbox 547 824 1169 889">
     <span class='ocr_line' id='line_1_1' title="bbox 547 824 1169 889; baseline 0.005 -3"><span class='ocrx_word' id='word_1_1' title='bbox 547 825 596 886; x_wconf 52' lang='grc' dir='ltr'>ὼ</span> <span class='ocrx_word' id='word_1_2' title='bbox 796 824 1169 889; x_wconf 72' lang='lat' dir='ltr'>Puonmrm</span> 
     </span>
    </p>
   </div>
   <div class='ocr_carea' id='block_1_2' title="bbox 538 943 1423 1778">
    <p class='ocr_par' dir='ltr' id='par_1_2' title="bbox 542 943 1335 1024">
     <span class='ocr_line' id='line_1_2' title="bbox 542 943 1335 1024; baseline 0.005 -18"><span class='ocrx_word' id='word_1_3' title='bbox 542 944 706 1024; x_wconf 64' lang='lat' dir='ltr'>Postquam</span> <span class='ocrx_word' id='word_1_4' title='bbox 720 949 867 1021; x_wconf 75' lang='lat' dir='ltr'>tantopeie&#39;</span> <span class='ocrx_word' id='word_1_5' title='bbox 878 943 907 1002; x_wconf 86' lang='lat' dir='ltr'>id</span> <span class='ocrx_word' id='word_1_6' title='bbox 920 965 969 1004; x_wconf 81' lang='lat' dir='ltr'>voe</span> <span class='ocrx_word' id='word_1_7' title='bbox 983 943 1063 1016; x_wconf 54' lang='lat' dir='ltr'>velie}</span> <span class='ocrx_word' id='word_1_8' title='bbox 1076 946 1335 1010; x_wconf 65' lang='lat' dir='ltr'>animadvortererirr</span> 
     </span>
    </p>

    <p class='ocr_par' dir='ltr' id='par_1_3' title="bbox 545 1038 1322 1115">
     <span class='ocr_line' id='line_1_3' title="bbox 545 1038 1322 1115; baseline 0.004 -15"><span class='ocrx_word' id='word_1_9' title='bbox 545 1042 599 1101; x_wconf 85' lang='lat' dir='ltr'>De.</span> <span class='ocrx_word' id='word_1_10' title='bbox 611 1043 657 1098; x_wconf 78' lang='lat' dir='ltr'>Ar</span> <span class='ocrx_word' id='word_1_11' title='bbox 667 1038 712 1098; x_wconf 89' lang='lat' dir='ltr'>hic</span> <span class='ocrx_word' id='word_1_12' title='bbox 726 1039 889 1098; x_wconf 70' lang='lat' dir='ltr'>dehortatus</span> <span class='ocrx_word' id='word_1_13' title='bbox 901 1039 940 1098; x_wconf 89' lang='lat' dir='ltr'>est</span> <span class='ocrx_word' id='word_1_14' title='bbox 953 1061 1008 1115; x_wconf 74' lang='lat' dir='ltr'>rue,</span> <span class='ocrx_word' id='word_1_15' title='bbox 1023 1062 1057 1101; x_wconf 86' lang='lat' dir='ltr'>ue</span> <span class='ocrx_word' id='word_1_16' title='bbox 1070 1039 1147 1099; x_wconf 83' lang='lat' dir='ltr'>iilam</span> <span class='ocrx_word' id='word_1_17' title='bbox 1155 1041 1209 1100; x_wconf 90' lang='lat' dir='ltr'>tibi</span> <span class='ocrx_word' id='word_1_18' title='bbox 1219 1045 1322 1103; x_wconf 78' lang='lat' dir='ltr'>darem.</span> 
     </span>
    </p>

    <p class='ocr_par' dir='ltr' id='par_1_4' title="bbox 543 1129 1293 1213">
     <span class='ocr_line' id='line_1_4' title="bbox 543 1129 1293 1213; baseline 0.004 -20"><span class='ocrx_word' id='word_1_19' title='bbox 543 1129 618 1194; x_wconf 78' lang='lat' dir='ltr'>Nam</span> <span class='ocrx_word' id='word_1_20' title='bbox 633 1132 682 1212; x_wconf 88' lang='lat' dir='ltr'>qui</span> <span class='ocrx_word' id='word_1_21' title='bbox 696 1132 747 1191; x_wconf 86' lang='lat' dir='ltr'>erit</span> <span class='ocrx_word' id='word_1_22' title='bbox 758 1153 853 1191; x_wconf 85' lang='lat' dir='ltr'>rumor</span> <span class='ocrx_word' id='word_1_23' title='bbox 862 1133 972 1212; x_wconf 85' lang='lat' dir='ltr'>populi,</span> <span class='ocrx_word' id='word_1_24' title='bbox 984 1133 1087 1213; x_wconf 84' lang='lat' dir='ltr'>inquit,</span> <span class='ocrx_word' id='word_1_25' title='bbox 1101 1136 1121 1194; x_wconf 80' lang='lat' dir='ltr'>fi</span> <span class='ocrx_word' id='word_1_26' title='bbox 1135 1135 1164 1194; x_wconf 88' lang='lat' dir='ltr'>id</span> <span class='ocrx_word' id='word_1_27' title='bbox 1178 1133 1293 1197; x_wconf 72' lang='lat' dir='ltr'>feceris?</span> 
     </span>
    </p>

    <p class='ocr_par' dir='ltr' id='par_1_5' title="bbox 542 1225 1243 1310">
     <span class='ocr_line' id='line_1_5' title="bbox 542 1225 1243 1310; baseline 0.001 -22"><span class='ocrx_word' id='word_1_28' title='bbox 542 1225 621 1288; x_wconf 83' lang='lat' dir='ltr'>Olim</span> <span class='ocrx_word' id='word_1_29' title='bbox 633 1247 719 1306; x_wconf 87' lang='lat' dir='ltr'>quum</span> <span class='ocrx_word' id='word_1_30' title='bbox 728 1225 839 1310; x_wconf 81' lang='lat' dir='ltr'>huueste</span> <span class='ocrx_word' id='word_1_31' title='bbox 853 1228 958 1304; x_wconf 83' lang='lat' dir='ltr'>potuit,</span> <span class='ocrx_word' id='word_1_32' title='bbox 971 1241 1032 1286; x_wconf 86' lang='lat' dir='ltr'>turn</span> <span class='ocrx_word' id='word_1_33' title='bbox 1047 1250 1102 1287; x_wconf 85' lang='lat' dir='ltr'>nou</span> <span class='ocrx_word' id='word_1_34' title='bbox 1115 1229 1154 1288; x_wconf 85' lang='lat' dir='ltr'>est</span> <span class='ocrx_word' id='word_1_35' title='bbox 1163 1231 1243 1289; x_wconf 77' lang='lat' dir='ltr'>dete:</span> 
     </span>
    </p>

    <p class='ocr_par' dir='ltr' id='par_1_6' title="bbox 539 1318 1423 1508">
     <span class='ocr_line' id='line_1_6' title="bbox 541 1318 1423 1404; baseline 0.006 -20"><span class='ocrx_word' id='word_1_36' title='bbox 541 1323 624 1384; x_wconf 88' lang='lat' dir='ltr'>Nunc</span> <span class='ocrx_word' id='word_1_37' title='bbox 637 1322 748 1382; x_wconf 74' lang='lat' dir='ltr'>viduum</span> <span class='ocrx_word' id='word_1_38' title='bbox 761 1318 884 1404; x_wconf 54' lang='lat' dir='ltr'>eperudi,</span> <span class='ocrx_word' id='word_1_39' title='bbox 895 1331 978 1400; x_wconf 85' lang='lat' dir='ltr'>turpe</span> <span class='ocrx_word' id='word_1_40' title='bbox 984 1321 1026 1380; x_wconf 85' lang='lat' dir='ltr'>’st.</span> <span class='ocrx_word' id='word_1_41' title='bbox 1047 1322 1135 1383; x_wconf 80' lang='lat' dir='ltr'>ferme</span> <span class='ocrx_word' id='word_1_42' title='bbox 1144 1329 1240 1386; x_wconf 83' lang='lat' dir='ltr'>eadem</span> <span class='ocrx_word' id='word_1_43' title='bbox 1250 1327 1367 1400; x_wconf 61' lang='lat' dir='ltr'>ourui&#39;a,3</span> <span class='ocrx_word' id='word_1_44' title='bbox 1378 1335 1423 1390; x_wconf 65' lang='grc' dir='ltr'>ἑὸ</span> 
     </span>
     <span class='ocr_line' id='line_1_7' title="bbox 539 1417 1173 1508; baseline -0.002 -27"><span class='ocrx_word' id='word_1_45' title='bbox 539 1426 623 1508; x_wconf 79' lang='lat' dir='ltr'>Qae</span> <span class='ocrx_word' id='word_1_46' title='bbox 636 1433 698 1480; x_wconf 84' lang='lat' dir='ltr'>tute</span> <span class='ocrx_word' id='word_1_47' title='bbox 711 1417 816 1479; x_wconf 84' lang='lat' dir='ltr'>dudum</span> <span class='ocrx_word' id='word_1_48' title='bbox 829 1431 924 1478; x_wconf 76' lang='lat' dir='ltr'>coram</span> <span class='ocrx_word' id='word_1_49' title='bbox 935 1441 979 1479; x_wconf 87' lang='lat' dir='ltr'>ure</span> <span class='ocrx_word' id='word_1_50' title='bbox 989 1419 1173 1480; x_wconf 79' lang='lat' dir='ltr'>incusaveras.</span> 
     </span>
    </p>

    <p class='ocr_par' dir='ltr' id='par_1_7' title="bbox 538 1507 1375 1689">
     <span class='ocr_line' id='line_1_8' title="bbox 540 1507 1375 1598; baseline 0.004 -26"><span class='ocrx_word' id='word_1_51' title='bbox 540 1513 594 1572; x_wconf 86' lang='lat' dir='ltr'>Ph.</span> <span class='ocrx_word' id='word_1_52' title='bbox 608 1511 682 1572; x_wconf 72' lang='lat' dir='ltr'>Satis</span> <span class='ocrx_word' id='word_1_53' title='bbox 694 1509 810 1587; x_wconf 86' lang='lat' dir='ltr'>sup&#39;erbe</span> <span class='ocrx_word' id='word_1_54' title='bbox 820 1507 937 1568; x_wconf 71' lang='lat' dir='ltr'>illuditis</span> <span class='ocrx_word' id='word_1_55' title='bbox 947 1531 1000 1570; x_wconf 89' lang='lat' dir='ltr'>me</span> <span class='ocrx_word' id='word_1_56' title='bbox 1021 1511 1135 1570; x_wconf 82' lang='lat' dir='ltr'>D&#39;e.u</span> <span class='ocrx_word' id='word_1_57' title='bbox 1087 1513 1166 1597; x_wconf 78' lang='lat' dir='ltr'>Qi?</span> <span class='ocrx_word' id='word_1_58' title='bbox 1186 1516 1240 1574; x_wconf 83' lang='lat' dir='ltr'>Ph.</span> <span class='ocrx_word' id='word_1_59' title='bbox 1257 1515 1375 1598; x_wconf 71' lang='lat' dir='ltr'>Rogat?</span> 
     </span>
     <span class='ocr_line' id='line_1_9' title="bbox 538 1603 1242 1689; baseline 0.004 -25"><span class='ocrx_word' id='word_1_60' title='bbox 538 1606 617 1689; x_wconf 74' lang='lat' dir='ltr'>Quia</span> <span class='ocrx_word' id='word_1_61' title='bbox 633 1627 666 1665; x_wconf 91' lang='lat' dir='ltr'>ne</span> <span class='ocrx_word' id='word_1_62' title='bbox 675 1604 790 1664; x_wconf 65' lang='lat' dir='ltr'>alterum</span> <span class='ocrx_word' id='word_1_63' title='bbox 801 1603 917 1682; x_wconf 74' lang='lat' dir='ltr'>quidem</span> <span class='ocrx_word' id='word_1_64' title='bbox 924 1604 1000 1664; x_wconf 79' lang='lat' dir='ltr'>rilem</span> <span class='ocrx_word' id='word_1_65' title='bbox 1013 1620 1114 1686; x_wconf 80' lang='lat' dir='ltr'>potero</span> <span class='ocrx_word' id='word_1_66' title='bbox 1127 1609 1242 1668; x_wconf 82' lang='lat' dir='ltr'>ducere:</span> 
     </span>
    </p>

    <p class='ocr_par' dir='ltr' id='par_1_8' title="bbox 538 1696 1305 1778">
     <span class='ocr_line' id='line_1_10' title="bbox 538 1696 1305 1778; baseline 0 -19"><span class='ocrx_word' id='word_1_67' title='bbox 538 1699 614 1760; x_wconf 88' lang='lat' dir='ltr'>Nam</span> <span class='ocrx_word' id='word_1_68' title='bbox 624 1721 682 1778; x_wconf 89' lang='lat' dir='ltr'>quo</span> <span class='ocrx_word' id='word_1_69' title='bbox 695 1696 792 1760; x_wconf 82' lang='lat' dir='ltr'>redibo</span> <span class='ocrx_word' id='word_1_70' title='bbox 801 1715 849 1754; x_wconf 89' lang='lat' dir='ltr'>ore</span> <span class='ocrx_word' id='word_1_71' title='bbox 863 1699 900 1756; x_wconf 84' lang='lat' dir='ltr'>ad</span> <span class='ocrx_word' id='word_1_72' title='bbox 912 1707 984 1768; x_wconf 76' lang='lat' dir='ltr'>earn,</span> <span class='ocrx_word' id='word_1_73' title='bbox 999 1715 1085 1778; x_wconf 83' lang='lat' dir='ltr'>quam</span> <span class='ocrx_word' id='word_1_74' title='bbox 1094 1701 1305 1760; x_wconf 80' lang='lat' dir='ltr'>contemserim?</span> 
     </span>
    </p>
   </div>
   <div class='ocr_carea' id='block_1_3' title="bbox 534 1763 1415 2447">
    <p class='ocr_par' dir='ltr' id='par_1_9' title="bbox 538 1763 1413 2044">
     <span class='ocr_line' id='line_1_11' title="bbox 540 1763 1413 1880; baseline 0.002 -24"><span class='ocrx_word' id='word_1_75' title='bbox 540 1763 588 1856; x_wconf 74' lang='lat' dir='ltr'>ci.</span> <span class='ocrx_word' id='word_1_76' title='bbox 598 1795 675 1856; x_wconf 89' lang='lat' dir='ltr'>Tum</span> <span class='ocrx_word' id='word_1_77' title='bbox 686 1805 790 1862; x_wconf 85' lang='lat' dir='ltr'>autem,</span> <span class='ocrx_word' id='word_1_78' title='bbox 804 1779 1002 1872; x_wconf 81' lang='lat' dir='ltr'><strong>Antiphonem</strong></span> <span class='ocrx_word' id='word_1_79' title='bbox 1014 1795 1095 1856; x_wconf 83' lang='lat' dir='ltr'>rideo</span> <span class='ocrx_word' id='word_1_80' title='bbox 1108 1796 1145 1854; x_wconf 77' lang='lat' dir='ltr'>ab</span> <span class='ocrx_word' id='word_1_81' title='bbox 1158 1795 1213 1854; x_wconf 80' lang='lat' dir='ltr'>sese</span> <span class='ocrx_word' id='word_1_82' title='bbox 1226 1797 1355 1857; x_wconf 85' lang='lat' dir='ltr'>amittere</span> <span class='ocrx_word' id='word_1_83' title='bbox 1370 1817 1386 1858; x_wconf 85' lang='lat'><em>2</em></span> <span class='ocrx_word' id='word_1_84' title='bbox 1392 1818 1413 1880; x_wconf 77' lang='grc' dir='ltr'><strong>ς</strong></span> 
     </span>
     <span class='ocr_line' id='line_1_12' title="bbox 539 1885 1329 1964; baseline -0.003 -13"><span class='ocrx_word' id='word_1_85' title='bbox 539 1891 663 1951; x_wconf 80' lang='lat' dir='ltr'>Invitum</span> <span class='ocrx_word' id='word_1_86' title='bbox 677 1907 757 1958; x_wconf 77' lang='lat' dir='ltr'>eam3</span> <span class='ocrx_word' id='word_1_87' title='bbox 779 1885 873 1964; x_wconf 87' lang='lat' dir='ltr'>inque.</span> <span class='ocrx_word' id='word_1_88' title='bbox 895 1887 950 1946; x_wconf 80' lang='lat' dir='ltr'>De.</span> <span class='ocrx_word' id='word_1_89' title='bbox 959 1886 1139 1948; x_wconf 78' lang='lat' dir='ltr'>Tumautem</span> <span class='ocrx_word' id='word_1_90' title='bbox 1148 1889 1229 1948; x_wconf 83' lang='lat' dir='ltr'>rideo</span> <span class='ocrx_word' id='word_1_91' title='bbox 1241 1889 1329 1949; x_wconf 85' lang='lat' dir='ltr'>filium</span> 
     </span>
     <span class='ocr_line' id='line_1_13' title="bbox 538 1980 1131 2044; baseline -0.003 0"><span class='ocrx_word' id='word_1_92' title='bbox 538 1986 665 2044; x_wconf 83' lang='lat' dir='ltr'>Invitum</span> <span class='ocrx_word' id='word_1_93' title='bbox 679 1983 741 2042; x_wconf 80' lang='lat' dir='ltr'>sane</span> <span class='ocrx_word' id='word_1_94' title='bbox 755 1980 898 2042; x_wconf 85' lang='lat' dir='ltr'>mulierem</span> <span class='ocrx_word' id='word_1_95' title='bbox 907 1982 943 2040; x_wconf 84' lang='lat' dir='ltr'>ab</span> <span class='ocrx_word' id='word_1_96' title='bbox 958 1981 985 2042; x_wconf 88' lang='lat' dir='ltr'>se</span> <span class='ocrx_word' id='word_1_97' title='bbox 993 1997 1131 2044; x_wconf 77' lang='lat' dir='ltr'>amittere.</span> 
     </span>
    </p>

    <p class='ocr_par' dir='ltr' id='par_1_10' title="bbox 534 2067 1311 2256">
     <span class='ocr_line' id='line_1_14' title="bbox 536 2067 1311 2156; baseline -0.004 -17"><span class='ocrx_word' id='word_1_98' title='bbox 536 2080 593 2138; x_wconf 88' lang='lat' dir='ltr'>Sed</span> <span class='ocrx_word' id='word_1_99' title='bbox 603 2079 686 2138; x_wconf 75' lang='lat' dir='ltr'>transi</span> <span class='ocrx_word' id='word_1_100' title='bbox 700 2075 776 2135; x_wconf 85' lang='lat' dir='ltr'>sodes</span> <span class='ocrx_word' id='word_1_101' title='bbox 791 2076 940 2147; x_wconf 78' lang='lat' dir='ltr'>adfurum,</span> <span class='ocrx_word' id='word_1_102' title='bbox 955 2091 1042 2156; x_wconf 83' lang='lat' dir='ltr'>atque</span> <span class='ocrx_word' id='word_1_103' title='bbox 1055 2077 1125 2138; x_wconf 84' lang='lat' dir='ltr'>illud</span> <span class='ocrx_word' id='word_1_104' title='bbox 1138 2067 1208 2136; x_wconf 86' lang='lat' dir='ltr'>mihi</span> <span class='ocrx_word' id='word_1_105' title='bbox 1305 2114 1311 2121; x_wconf 90' lang='lat'><strong>·</strong></span> 
     </span>
     <span class='ocr_line' id='line_1_15' title="bbox 534 2158 1282 2256; baseline -0.003 -24"><span class='ocrx_word' id='word_1_106' title='bbox 534 2171 700 2256; x_wconf 87' lang='lat' dir='ltr'>Argentum</span> <span class='ocrx_word' id='word_1_107' title='bbox 713 2170 819 2230; x_wconf 86' lang='lat' dir='ltr'>rursum</span> <span class='ocrx_word' id='word_1_108' title='bbox 827 2171 896 2249; x_wconf 88' lang='lat' dir='ltr'>jube</span> <span class='ocrx_word' id='word_1_109' title='bbox 910 2170 1034 2242; x_wconf 83' lang='lat' dir='ltr'>rescribi,</span> <span class='ocrx_word' id='word_1_110' title='bbox 1048 2158 1193 2231; x_wconf 62' lang='lat' dir='ltr'>Phormio.</span> <span class='ocrx_word' id='word_1_111' title='bbox 1227 2206 1231 2213; x_wconf 88' lang='lat'>·</span> <span class='ocrx_word' id='word_1_112' title='bbox 1276 2185 1282 2194; x_wconf 76' lang='lat'><strong>⁴</strong></span> 
     </span>
    </p>

    <p class='ocr_par' dir='ltr' id='par_1_11' title="bbox 534 2259 1415 2447">
     <span class='ocr_line' id='line_1_16' title="bbox 535 2259 1415 2354; baseline 0.005 -26"><span class='ocrx_word' id='word_1_113' title='bbox 535 2270 588 2329; x_wconf 84' lang='lat' dir='ltr'>Pb.</span> <span class='ocrx_word' id='word_1_114' title='bbox 600 2268 722 2354; x_wconf 82' lang='lat' dir='ltr'>Qudne</span> <span class='ocrx_word' id='word_1_115' title='bbox 735 2285 790 2348; x_wconf 87' lang='lat' dir='ltr'>ego</span> <span class='ocrx_word' id='word_1_116' title='bbox 804 2266 946 2346; x_wconf 82' lang='lat' dir='ltr'>perieripfi</span> <span class='ocrx_word' id='word_1_117' title='bbox 960 2288 1045 2346; x_wconf 86' lang='lat' dir='ltr'>porro</span> <span class='ocrx_word' id='word_1_118' title='bbox 1056 2266 1123 2337; x_wconf 80' lang='lat' dir='ltr'>illis,</span> <span class='ocrx_word' id='word_1_119' title='bbox 1137 2267 1244 2346; x_wconf 72' lang='lat' dir='ltr'>quibus,</span> <span class='ocrx_word' id='word_1_120' title='bbox 1253 2259 1356 2333; x_wconf 73' lang='lat' dir='ltr'>debui?</span> <span class='ocrx_word' id='word_1_121' title='bbox 1369 2282 1415 2352; x_wconf 73' lang='lat'>30</span> 
     </span>
     <span class='ocr_line' id='line_1_17' title="bbox 534 2351 1324 2447; baseline 0 -25"><span class='ocrx_word' id='word_1_122' title='bbox 534 2362 588 2422; x_wconf 85' lang='lat' dir='ltr'>De.</span> <span class='ocrx_word' id='word_1_123' title='bbox 597 2351 678 2447; x_wconf 79' lang='lat' dir='ltr'>Qid</span> <span class='ocrx_word' id='word_1_124' title='bbox 686 2360 775 2446; x_wconf 85' lang='lat' dir='ltr'>igitur</span> <span class='ocrx_word' id='word_1_125' title='bbox 788 2361 852 2421; x_wconf 78' lang='lat' dir='ltr'>fiet?</span> <span class='ocrx_word' id='word_1_126' title='bbox 873 2363 927 2422; x_wconf 84' lang='lat' dir='ltr'>Ph.</span> <span class='ocrx_word' id='word_1_127' title='bbox 943 2361 1025 2421; x_wconf 79' lang='lat' dir='ltr'>Siris</span> <span class='ocrx_word' id='word_1_128' title='bbox 1039 2361 1108 2420; x_wconf 85' lang='lat' dir='ltr'>mihi</span> <span class='ocrx_word' id='word_1_129' title='bbox 1120 2363 1235 2421; x_wconf 75' lang='lat' dir='ltr'>uiorerri</span> <span class='ocrx_word' id='word_1_130' title='bbox 1248 2364 1324 2436; x_wconf 72' lang='lat' dir='ltr'>dare,</span> 
     </span>
    </p>
   </div>
   <div class='ocr_carea' id='block_1_4' title="bbox 522 2441 1439 3865">
    <p class='ocr_par' dir='ltr' id='par_1_12' title="bbox 532 2441 1316 2542">
     <span class='ocr_line' id='line_1_18' title="bbox 532 2441 1316 2542; baseline 0 -27"><span class='ocrx_word' id='word_1_131' title='bbox 532 2441 628 2542; x_wconf 72' lang='lat' dir='ltr'>Qum</span> <span class='ocrx_word' id='word_1_132' title='bbox 639 2453 816 2536; x_wconf 76' lang='lat' dir='ltr'>despondisti,</span> <span class='ocrx_word' id='word_1_133' title='bbox 832 2458 947 2516; x_wconf 79' lang='lat' dir='ltr'>dueamr</span> <span class='ocrx_word' id='word_1_134' title='bbox 966 2456 1005 2515; x_wconf 86' lang='lat' dir='ltr'>sm</span> <span class='ocrx_word' id='word_1_135' title='bbox 1015 2457 1064 2527; x_wconf 79' lang='lat' dir='ltr'>est,</span> <span class='ocrx_word' id='word_1_136' title='bbox 1078 2469 1111 2516; x_wconf 86' lang='lat' dir='ltr'>ut</span> <span class='ocrx_word' id='word_1_137' title='bbox 1123 2457 1191 2515; x_wconf 71' lang='lat' dir='ltr'>&#39;velie</span> <span class='ocrx_word' id='word_1_138' title='bbox 1312 2482 1316 2488; x_wconf 86' lang='lat'><em>·</em></span> 
     </span>
    </p>

    <p class='ocr_par' dir='ltr' id='par_1_13' title="bbox 532 2547 1305 2633">
     <span class='ocr_line' id='line_1_19' title="bbox 532 2547 1305 2633; baseline 0.003 -23"><span class='ocrx_word' id='word_1_139' title='bbox 532 2547 649 2613; x_wconf 79' lang='lat' dir='ltr'>Munere</span> <span class='ocrx_word' id='word_1_140' title='bbox 662 2551 739 2614; x_wconf 77' lang='lat' dir='ltr'>illam</span> <span class='ocrx_word' id='word_1_141' title='bbox 750 2552 825 2632; x_wconf 80' lang='lat' dir='ltr'>apud</span> <span class='ocrx_word' id='word_1_142' title='bbox 835 2564 874 2620; x_wconf 59' lang='lat' dir='ltr'>ter</span> <span class='ocrx_word' id='word_1_143' title='bbox 888 2551 939 2609; x_wconf 73' lang='lat' dir='ltr'>dos</span> <span class='ocrx_word' id='word_1_144' title='bbox 954 2550 1000 2608; x_wconf 79' lang='lat' dir='ltr'>rie</span> <span class='ocrx_word' id='word_1_145' title='bbox 1013 2563 1134 2621; x_wconf 63' lang='lat' dir='ltr'>mineat,</span> <span class='ocrx_word' id='word_1_146' title='bbox 1150 2552 1305 2633; x_wconf 85' lang='lat' dir='ltr'>Demipho.</span> 
     </span>
    </p>

    <p class='ocr_par' dir='ltr' id='par_1_14' title="bbox 531 2642 1386 2723">
     <span class='ocr_line' id='line_1_20' title="bbox 531 2642 1386 2723; baseline -0.004 -22"><span class='ocrx_word' id='word_1_147' title='bbox 531 2642 605 2702; x_wconf 82' lang='lat' dir='ltr'>Nam</span> <span class='ocrx_word' id='word_1_148' title='bbox 620 2665 675 2703; x_wconf 91' lang='grc' dir='ltr'>ιιοιι</span> <span class='ocrx_word' id='word_1_149' title='bbox 686 2645 723 2704; x_wconf 83' lang='lat' dir='ltr'>est</span> <span class='ocrx_word' id='word_1_150' title='bbox 734 2664 863 2722; x_wconf 81' lang='lat' dir='ltr'>aequom,</span> <span class='ocrx_word' id='word_1_151' title='bbox 877 2663 921 2702; x_wconf 90' lang='lat' dir='ltr'>me</span> <span class='ocrx_word' id='word_1_152' title='bbox 934 2657 1051 2721; x_wconf 85' lang='lat' dir='ltr'>propter</span> <span class='ocrx_word' id='word_1_153' title='bbox 1063 2662 1111 2702; x_wconf 74' lang='lat' dir='ltr'>voe</span> <span class='ocrx_word' id='word_1_154' title='bbox 1123 2645 1232 2723; x_wconf 76' lang='lat' dir='ltr'>decipi:</span> <span class='ocrx_word' id='word_1_155' title='bbox 1381 2693 1386 2698; x_wconf 89' lang='lat'><em>.</em></span> 
     </span>
    </p>

    <p class='ocr_par' dir='ltr' id='par_1_15' title="bbox 529 2727 1407 2821">
     <span class='ocr_line' id='line_1_21' title="bbox 529 2727 1407 2821; baseline 0.006 -27"><span class='ocrx_word' id='word_1_156' title='bbox 529 2737 628 2821; x_wconf 83' lang='lat' dir='ltr'>Qrum</span> <span class='ocrx_word' id='word_1_157' title='bbox 642 2757 697 2818; x_wconf 86' lang='lat' dir='ltr'>ego</span> <span class='ocrx_word' id='word_1_158' title='bbox 710 2735 793 2796; x_wconf 80' lang='lat' dir='ltr'>vostri</span> <span class='ocrx_word' id='word_1_159' title='bbox 805 2727 922 2794; x_wconf 84' lang='lat' dir='ltr'>honoris&#39;</span> <span class='ocrx_word' id='word_1_160' title='bbox 931 2737 1013 2794; x_wconf 81' lang='lat' dir='ltr'>causa</span> <span class='ocrx_word' id='word_1_161' title='bbox 1026 2738 1172 2817; x_wconf 78' lang='lat' dir='ltr'>repudium</span> <span class='ocrx_word' id='word_1_162' title='bbox 1186 2738 1290 2800; x_wconf 74' lang='lat' dir='ltr'>alterae</span> <span class='ocrx_word' id='word_1_163' title='bbox 1362 2757 1407 2820; x_wconf 78' lang='lat'>35</span> 
     </span>
    </p>

    <p class='ocr_par' dir='ltr' id='par_1_16' title="bbox 531 2829 1356 2913">
     <span class='ocr_line' id='line_1_22' title="bbox 531 2829 1356 2913; baseline 0.006 -23"><span class='ocrx_word' id='word_1_164' title='bbox 531 2829 706 2903; x_wconf 76' lang='lat' dir='ltr'>Remiserim,</span> <span class='ocrx_word' id='word_1_165' title='bbox 720 2831 877 2913; x_wconf 75' lang='lat' dir='ltr'>quaedotiu</span> <span class='ocrx_word' id='word_1_166' title='bbox 887 2833 1071 2891; x_wconf 81' lang='lat' dir='ltr'>tantumdem</span> <span class='ocrx_word' id='word_1_167' title='bbox 1080 2834 1178 2893; x_wconf 76' lang='lat' dir='ltr'><strong>dabat.</strong></span> <span class='ocrx_word' id='word_1_168' title='bbox 1350 2855 1356 2860; x_wconf 85' lang='lat'>·</span> 
     </span>
    </p>

    <p class='ocr_par' dir='ltr' id='par_1_17' title="bbox 528 2927 1298 3012">
     <span class='ocr_line' id='line_1_23' title="bbox 528 2927 1298 3012; baseline 0.008 -27"><span class='ocrx_word' id='word_1_169' title='bbox 528 2927 582 2986; x_wconf 84' lang='lat' dir='ltr'>De.</span> <span class='ocrx_word' id='word_1_170' title='bbox 596 2927 648 2986; x_wconf 82' lang='lat' dir='ltr'>lin</span> <span class='ocrx_word' id='word_1_171' title='bbox 661 2929 761 2989; x_wconf 78' lang='lat' dir='ltr'>malem</span> <span class='ocrx_word' id='word_1_172' title='bbox 775 2952 833 2988; x_wconf 87' lang='lat' dir='ltr'>rem</span> <span class='ocrx_word' id='word_1_173' title='bbox 846 2929 912 2987; x_wconf 89' lang='lat' dir='ltr'>hinc</span> <span class='ocrx_word' id='word_1_174' title='bbox 925 2946 990 2987; x_wconf 86' lang='lat' dir='ltr'>cum</span> <span class='ocrx_word' id='word_1_175' title='bbox 1000 2929 1066 2988; x_wconf 74' lang='lat' dir='ltr'>istae</span> <span class='ocrx_word' id='word_1_176' title='bbox 1079 2930 1298 3012; x_wconf 77' lang='lat' dir='ltr'>magnificentia,</span> 
     </span>
    </p>

    <p class='ocr_par' dir='ltr' id='par_1_18' title="bbox 528 3023 1208 3107">
     <span class='ocr_line' id='line_1_24' title="bbox 528 3023 1208 3107; baseline 0.003 -24"><span class='ocrx_word' id='word_1_177' title='bbox 528 3023 677 3106; x_wconf 87' lang='lat' dir='ltr'>Fugitive!</span> <span class='ocrx_word' id='word_1_178' title='bbox 699 3028 784 3087; x_wconf 85' lang='lat' dir='ltr'>etiam</span> <span class='ocrx_word' id='word_1_179' title='bbox 798 3047 870 3085; x_wconf 87' lang='lat' dir='ltr'>nunc</span> <span class='ocrx_word' id='word_1_180' title='bbox 883 3024 984 3095; x_wconf 76' lang='lat' dir='ltr'>credie,</span> <span class='ocrx_word' id='word_1_181' title='bbox 998 3038 1027 3084; x_wconf 79' lang='lat' dir='ltr'>te</span> <span class='ocrx_word' id='word_1_182' title='bbox 1039 3025 1208 3107; x_wconf 83' lang='lat' dir='ltr'>ignorarier,</span> 
     </span>
    </p>

    <p class='ocr_par' dir='ltr' id='par_1_19' title="bbox 526 3119 1406 3194">
     <span class='ocr_line' id='line_1_25' title="bbox 526 3119 1406 3194; baseline 0.003 -16"><span class='ocrx_word' id='word_1_183' title='bbox 526 3119 592 3178; x_wconf 91' lang='lat' dir='ltr'>Aut</span> <span class='ocrx_word' id='word_1_184' title='bbox 602 3133 651 3178; x_wconf 78' lang='lat' dir='ltr'>tua</span> <span class='ocrx_word' id='word_1_185' title='bbox 662 3119 735 3180; x_wconf 69' lang='lat' dir='ltr'>infla</span> <span class='ocrx_word' id='word_1_186' title='bbox 746 3121 832 3179; x_wconf 81' lang='lat' dir='ltr'>adeo?</span> <span class='ocrx_word' id='word_1_187' title='bbox 852 3121 906 3180; x_wconf 85' lang='lat' dir='ltr'>Pb.</span> <span class='ocrx_word' id='word_1_188' title='bbox 918 3120 1028 3178; x_wconf 81' lang='lat' dir='ltr'>Irritor.</span> <span class='ocrx_word' id='word_1_189' title='bbox 1049 3121 1104 3179; x_wconf 85' lang='lat' dir='ltr'>De.</span> <span class='ocrx_word' id='word_1_190' title='bbox 1110 3119 1189 3179; x_wconf 87' lang='lat' dir='ltr'>Tun&#39;</span> <span class='ocrx_word' id='word_1_191' title='bbox 1194 3121 1266 3179; x_wconf 84' lang='lat' dir='ltr'>hanc</span> <span class='ocrx_word' id='word_1_192' title='bbox 1273 3119 1406 3194; x_wconf 78' lang='lat' dir='ltr'>duceres,</span> 
     </span>
    </p>

    <p class='ocr_par' dir='ltr' id='par_1_20' title="bbox 527 3212 1439 3296">
     <span class='ocr_line' id='line_1_26' title="bbox 527 3212 1439 3296; baseline -0.005 -24"><span class='ocrx_word' id='word_1_193' title='bbox 527 3215 557 3273; x_wconf 89' lang='lat' dir='ltr'>Si</span> <span class='ocrx_word' id='word_1_194' title='bbox 572 3215 624 3274; x_wconf 90' lang='lat' dir='ltr'>tibi</span> <span class='ocrx_word' id='word_1_195' title='bbox 639 3217 704 3274; x_wconf 80' lang='lat' dir='ltr'>data</span> <span class='ocrx_word' id='word_1_196' title='bbox 718 3217 799 3276; x_wconf 72' lang='lat' dir='ltr'>esset?</span> <span class='ocrx_word' id='word_1_197' title='bbox 819 3217 873 3278; x_wconf 81' lang='lat' dir='ltr'>Ph.</span> <span class='ocrx_word' id='word_1_198' title='bbox 885 3216 943 3275; x_wconf 78' lang='lat' dir='ltr'>Fac</span> <span class='ocrx_word' id='word_1_199' title='bbox 956 3215 1119 3296; x_wconf 65' lang='lat' dir='ltr'>periculum·</span> <span class='ocrx_word' id='word_1_200' title='bbox 1141 3215 1195 3274; x_wconf 87' lang='lat' dir='ltr'>De.</span> <span class='ocrx_word' id='word_1_201' title='bbox 1208 3215 1251 3274; x_wconf 88' lang='lat' dir='ltr'>Ut</span> <span class='ocrx_word' id='word_1_202' title='bbox 1264 3212 1338 3276; x_wconf 78' lang='lat' dir='ltr'>filius</span> <span class='ocrx_word' id='word_1_203' title='bbox 1358 3234 1407 3292; x_wconf 84' lang='lat'>40</span> <span class='ocrx_word' id='word_1_204' title='bbox 1435 3263 1439 3267; x_wconf 79' lang='grc'>,</span> 
     </span>
    </p>

    <p class='ocr_par' dir='ltr' id='par_1_21' title="bbox 524 3306 1357 3390">
     <span class='ocr_line' id='line_1_27' title="bbox 524 3306 1357 3390; baseline -0.002 -22"><span class='ocrx_word' id='word_1_205' title='bbox 524 3307 598 3368; x_wconf 89' lang='lat' dir='ltr'>Cum</span> <span class='ocrx_word' id='word_1_206' title='bbox 612 3309 660 3368; x_wconf 83' lang='lat' dir='ltr'>illa</span> <span class='ocrx_word' id='word_1_207' title='bbox 673 3309 782 3369; x_wconf 81' lang='lat' dir='ltr'>habitet</span> <span class='ocrx_word' id='word_1_208' title='bbox 792 3311 868 3390; x_wconf 81' lang='lat' dir='ltr'>apud</span> <span class='ocrx_word' id='word_1_209' title='bbox 882 3323 927 3379; x_wconf 81' lang='lat' dir='ltr'>te;</span> <span class='ocrx_word' id='word_1_210' title='bbox 947 3310 1001 3369; x_wconf 86' lang='lat' dir='ltr'>hoc</span> <span class='ocrx_word' id='word_1_211' title='bbox 1011 3309 1130 3368; x_wconf 80' lang='lat' dir='ltr'>vostrum</span> <span class='ocrx_word' id='word_1_212' title='bbox 1140 3307 1282 3368; x_wconf 81' lang='lat' dir='ltr'>confilium</span> <span class='ocrx_word' id='word_1_213' title='bbox 1293 3306 1357 3366; x_wconf 81' lang='lat' dir='ltr'>suit.</span> 
     </span>
    </p>

    <p class='ocr_par' dir='ltr' id='par_1_22' title="bbox 525 3391 1404 3557">
     <span class='ocr_line' id='line_1_28' title="bbox 525 3391 1404 3490; baseline 0.001 -28"><span class='ocrx_word' id='word_1_214' title='bbox 525 3405 578 3462; x_wconf 81' lang='lat' dir='ltr'>Pb.</span> <span class='ocrx_word' id='word_1_215' title='bbox 588 3391 711 3490; x_wconf 65' lang='lat' dir='ltr'>Quem,</span> <span class='ocrx_word' id='word_1_216' title='bbox 731 3404 800 3486; x_wconf 91' lang='lat' dir='ltr'>quid</span> <span class='ocrx_word' id='word_1_217' title='bbox 814 3404 927 3462; x_wconf 76' lang='lat' dir='ltr'>narras?</span> <span class='ocrx_word' id='word_1_218' title='bbox 955 3398 1009 3463; x_wconf 80' lang='lat' dir='ltr'>De.</span> <span class='ocrx_word' id='word_1_219' title='bbox 1020 3402 1099 3487; x_wconf 70' lang='lat' dir='ltr'>Quin</span> <span class='ocrx_word' id='word_1_220' title='bbox 1117 3415 1150 3483; x_wconf 81' lang='lat' dir='ltr'>tu</span> <span class='ocrx_word' id='word_1_221' title='bbox 1166 3401 1236 3460; x_wconf 82' lang='lat' dir='ltr'>mihi</span> <span class='ocrx_word' id='word_1_222' title='bbox 1249 3416 1404 3485; x_wconf 81' lang='lat' dir='ltr'>argeutum</span> 
     </span>
     <span class='ocr_line' id='line_1_29' title="bbox 643 3499 722 3557; baseline 0.013 -1"><span class='ocrx_word' id='word_1_223' title='bbox 643 3499 722 3557; x_wconf 76' lang='lat' dir='ltr'>cedo·</span> 
     </span>
    </p>

    <p class='ocr_par' dir='ltr' id='par_1_23' title="bbox 524 3589 1341 3670">
     <span class='ocr_line' id='line_1_30' title="bbox 524 3589 1341 3670; baseline -0.004 -18"><span class='ocrx_word' id='word_1_224' title='bbox 524 3591 577 3652; x_wconf 79' lang='lat' dir='ltr'>Pb.</span> <span class='ocrx_word' id='word_1_225' title='bbox 591 3593 682 3653; x_wconf 88' lang='lat' dir='ltr'>Immo</span> <span class='ocrx_word' id='word_1_226' title='bbox 696 3613 760 3656; x_wconf 83' lang='lat' dir='ltr'>vero</span> <span class='ocrx_word' id='word_1_227' title='bbox 771 3611 885 3656; x_wconf 83' lang='lat' dir='ltr'>uxorem</span> <span class='ocrx_word' id='word_1_228' title='bbox 898 3607 931 3653; x_wconf 88' lang='lat' dir='ltr'>tu</span> <span class='ocrx_word' id='word_1_229' title='bbox 944 3592 1024 3652; x_wconf 87' lang='lat' dir='ltr'>cedo.</span> <span class='ocrx_word' id='word_1_230' title='bbox 1045 3589 1099 3652; x_wconf 87' lang='lat' dir='ltr'>De.</span> <span class='ocrx_word' id='word_1_231' title='bbox 1113 3591 1147 3650; x_wconf 89' lang='lat' dir='ltr'>In</span> <span class='ocrx_word' id='word_1_232' title='bbox 1157 3592 1205 3670; x_wconf 81' lang='lat' dir='ltr'>jus</span> <span class='ocrx_word' id='word_1_233' title='bbox 1218 3589 1341 3650; x_wconf 76' lang='lat' dir='ltr'>ambula.</span> 
     </span>
    </p>

    <p class='ocr_par' dir='ltr' id='par_1_24' title="bbox 523 3683 1285 3766">
     <span class='ocr_line' id='line_1_31' title="bbox 523 3683 1285 3766; baseline -0.001 -24"><span class='ocrx_word' id='word_1_234' title='bbox 523 3685 576 3743; x_wconf 83' lang='lat' dir='ltr'>Ph.</span> <span class='ocrx_word' id='word_1_235' title='bbox 590 3685 623 3742; x_wconf 93' lang='lat' dir='ltr'>In</span> <span class='ocrx_word' id='word_1_236' title='bbox 633 3689 695 3766; x_wconf 76' lang='lat' dir='ltr'>jue!</span> <span class='ocrx_word' id='word_1_237' title='bbox 718 3689 856 3748; x_wconf 77' lang='lat' dir='ltr'>enimiero</span> <span class='ocrx_word' id='word_1_238' title='bbox 867 3687 886 3745; x_wconf 84' lang='lat' dir='ltr'>fi</span> <span class='ocrx_word' id='word_1_239' title='bbox 897 3707 982 3765; x_wconf 88' lang='lat' dir='ltr'>porro</span> <span class='ocrx_word' id='word_1_240' title='bbox 996 3683 1047 3744; x_wconf 79' lang='lat' dir='ltr'>eise</span> <span class='ocrx_word' id='word_1_241' title='bbox 1056 3683 1143 3744; x_wconf 81' lang='lat' dir='ltr'>odioii</span> <span class='ocrx_word' id='word_1_242' title='bbox 1156 3683 1285 3765; x_wconf 61' lang='lat' dir='ltr'>pergitis.</span> 
     </span>
    </p>

    <p class='ocr_par' dir='ltr' id='par_1_25' title="bbox 522 3775 1361 3865">
     <span class='ocr_line' id='line_1_32' title="bbox 522 3775 1361 3865; baseline 0.001 -27"><span class='ocrx_word' id='word_1_243' title='bbox 522 3779 575 3838; x_wconf 87' lang='lat' dir='ltr'>De.</span> <span class='ocrx_word' id='word_1_244' title='bbox 587 3781 668 3865; x_wconf 79' lang='lat' dir='ltr'>Qid</span> <span class='ocrx_word' id='word_1_245' title='bbox 680 3781 782 3842; x_wconf 72' lang='lat' dir='ltr'>facies?</span> <span class='ocrx_word' id='word_1_246' title='bbox 802 3783 855 3842; x_wconf 87' lang='lat' dir='ltr'>Ph.</span> <span class='ocrx_word' id='word_1_247' title='bbox 869 3779 989 3862; x_wconf 79' lang='lat' dir='ltr'>Egone?</span> <span class='ocrx_word' id='word_1_248' title='bbox 1006 3799 1055 3838; x_wconf 77' lang='lat' dir='ltr'>vor</span> <span class='ocrx_word' id='word_1_249' title='bbox 1069 3775 1116 3838; x_wconf 76' lang='lat' dir='ltr'>me</span> <span class='ocrx_word' id='word_1_250' title='bbox 1127 3778 1261 3838; x_wconf 76' lang='lat' dir='ltr'>indotatis</span> <span class='ocrx_word' id='word_1_251' title='bbox 1275 3779 1361 3838; x_wconf 86' lang='lat' dir='ltr'>modo</span> 
     </span>
    </p>
   </div>
   <div class='ocr_carea' id='block_1_5' title="bbox 521 3871 1400 4074">
    <p class='ocr_par' dir='ltr' id='par_1_26' title="bbox 521 3871 1400 4049">
     <span class='ocr_line' id='line_1_33' title="bbox 521 3871 1400 3950; baseline 0.001 -17"><span class='ocrx_word' id='word_1_252' title='bbox 521 3873 695 3934; x_wconf 76' lang='lat' dir='ltr'>Patrocinari</span> <span class='ocrx_word' id='word_1_253' title='bbox 706 3872 815 3935; x_wconf 72' lang='lat' dir='ltr'>fortasse</span> <span class='ocrx_word' id='word_1_254' title='bbox 829 3871 1019 3934; x_wconf 81' lang='lat' dir='ltr'>arbitramini:</span> <span class='ocrx_word' id='word_1_255' title='bbox 1352 3877 1400 3950; x_wconf 82' lang='lat'>46</span> 
     </span>
     <span class='ocr_line' id='line_1_34' title="bbox 521 3961 1331 4074; baseline 0 -52"><span class='ocrx_word' id='word_1_256' title='bbox 521 3963 617 4024; x_wconf 80' lang='lat' dir='ltr'>Euam</span> <span class='ocrx_word' id='word_1_257' title='bbox 628 3967 732 4026; x_wconf 82' lang='lat' dir='ltr'>dotatre</span> <span class='ocrx_word' id='word_1_258' title='bbox 743 3965 826 4025; x_wconf 83' lang='lat' dir='ltr'>soleo</span> <span class='ocrx_word' id='word_1_259' title='bbox 849 3965 896 4025; x_wconf 76' lang='lat' dir='ltr'>ch.</span> <span class='ocrx_word' id='word_1_260' title='bbox 908 3961 990 4074; x_wconf 76' lang='lat' dir='ltr'>Qid</span> <span class='ocrx_word' id='word_1_261' title='bbox 1008 3961 1039 4021; x_wconf 87' lang='lat' dir='ltr'>rd</span> <span class='ocrx_word' id='word_1_262' title='bbox 1048 3963 1157 4023; x_wconf 64' lang='lat' dir='ltr'>nostru&gt;</span> <span class='ocrx_word' id='word_1_263' title='bbox 1168 3964 1230 4024; x_wconf 82' lang='lat' dir='ltr'>Pb.</span> <span class='ocrx_word' id='word_1_264' title='bbox 1241 3962 1331 4022; x_wconf 71' lang='lat' dir='ltr'>Nssril.</span> 
     </span>
    </p>
   </div>
   <div class='ocr_carea' id='block_1_6' title="bbox 521 4057 1399 4140">
    <p class='ocr_par' dir='ltr' id='par_1_27' title="bbox 521 4057 1399 4140">
     <span class='ocr_line' id='line_1_35' title="bbox 521 4057 1399 4140; baseline 0.005 -21"><span class='ocrx_word' id='word_1_265' title='bbox 521 4057 580 4119; x_wconf 88' lang='lat' dir='ltr'>Hic</span> <span class='ocrx_word' id='word_1_266' title='bbox 591 4059 740 4138; x_wconf 81' lang='lat' dir='ltr'>quamdam</span> <span class='ocrx_word' id='word_1_267' title='bbox 752 4081 859 4131; x_wconf 81' lang='lat' dir='ltr'>noram,</span> <span class='ocrx_word' id='word_1_268' title='bbox 872 4061 951 4140; x_wconf 73' lang='lat' dir='ltr'>cujus</span> <span class='ocrx_word' id='word_1_269' title='bbox 962 4081 1004 4118; x_wconf 86' lang='lat' dir='ltr'>ru·</span> <span class='ocrx_word' id='word_1_270' title='bbox 1011 4080 1151 4119; x_wconf 83' lang='lat' dir='ltr'>uxorem</span> <span class='ocrx_word' id='word_1_271' title='bbox 1132 4061 1208 4120; x_wconf 73' lang='lat' dir='ltr'>Cb·</span> <span class='ocrx_word' id='word_1_272' title='bbox 1220 4059 1313 4121; x_wconf 87' lang='lat' dir='ltr'>Hem!</span> <span class='ocrx_word' id='word_1_273' title='bbox 1337 4061 1399 4123; x_wconf 82' lang='lat' dir='ltr'>De.</span> 
     </span>
    </p>
   </div>
   <div class='ocr_carea' id='block_1_7' title="bbox 638 4150 787 4235">
    <p class='ocr_par' dir='ltr' id='par_1_28' title="bbox 638 4150 787 4235">
     <span class='ocr_line' id='line_1_36' title="bbox 638 4150 787 4235; baseline 0.013 -25"><span class='ocrx_word' id='word_1_274' title='bbox 638 4150 719 4235; x_wconf 74' lang='lat' dir='ltr'>Quid</span> <span class='ocrx_word' id='word_1_275' title='bbox 733 4151 787 4212; x_wconf 83' lang='lat' dir='ltr'>est?</span> 
     </span>
    </p>
   </div>
   <div class='ocr_carea' id='block_1_8' title="bbox 0 0 1854 5259">
    <p class='ocr_par' dir='ltr' id='par_1_29' title="bbox 0 0 1854 5259">
     <span class='ocr_line' id='line_1_37' title="bbox 0 0 1854 5259; baseline 0 14"><span class='ocrx_word' id='word_1_276' title='bbox 0 0 1854 5259; x_wconf 95' lang='lat' dir='ltr'> </span> 
     </span>
    </p>
   </div>
  </div>
 </body>
</html>
