3700 5259
519 805 554 847 aa
780 792 1099 849 ANDRIA.

633 938 858 1005 Aemus
901 942 945 1009 11.
989 938 1209 1008 SCENA
1249 946 1287 1007 V.

537 1060 748 1113 BYRRHI&
777 1063 1077 1113 fflM0.DAVU&
1108 1064 1383 1117 PAMPHILUm

862 1130 1061 1205 avianius

520 1238 690 1301 HERUS
704 1261 760 1311 me,
771 1238 875 1302 r'eliffiu
885 1239 979 1313 rebus,
990 1236 1068 1319 juffit
1080 1236 1260 1317 Pamphilum

519 1334 620 1395 Hodie
629 1335 785 1407 observare
797 1334 921 1415 utquid
932 1346 1030 1417 ageret
1039 1334 1073 1391 de
1084 1333 1201 1413 nuptiis
1243 1388 1247 1393 .

518 1428 635 1489 Scirem.
657 1429 844 1509 rdpropterea
853 1450 927 1491 nunc
938 1428 1013 1487 hunc
1023 1444 1179 1486 vementem
1188 1426 1297 1509 sequor

519 1522 617 1603 Ipsum
625 1525 696 1585 adeo
706 1524 815 1605 praesto
828 1522 909 1589 video
923 1546 988 1583 cum
1001 1525 1094 1591 Davo.
1116 1524 1171 1583 hoc
1182 1546 1276 1609 agam
1377 1549 1400 1609 4

518 1618 560 1675 Si.
571 1617 733 1695 Utrumque
742 1616 924 1682 adeffevrdeo
936 1620 994 1678 Da.
999 1618 1087 1689 Hem,
1094 1618 1178 1679 serva.
1190 1622 1231 1679 Si.
1240 1618 1398 1700 Pamphile.

517 1714 576 1775 Da.
585 1714 672 1799 Qafi
683 1712 734 1773 de
726 1737 845 1793 unprovi
837 1713 989 1797 sorespiee
1000 1718 1036 1777 ad
1045 1740 1117 1781 eum
1129 1722 1184 1779 Pa.
1194 1718 1286 1777 Ehem
1287 1732 1398 1799 ,pater,

516 1808 575 1867 Da.
588 1808 691 1867 Probe.
713 1811 754 1875 Si
767 1808 865 1869 Hodie
875 1833 991 1873 uxorem
1000 1813 1095 1881 ducas
1108 1826 1139 1879 ut
1126 1810 1216 1881 tdixi,
1228 1810 1301 1871 volo.

513 1904 566 1981 By.
579 1904 662 1963 Nunc
673 1906 812 1967 nostrae
790 1922 877 1967 timeo
888 1912 975 1997 parti,
986 1911 1056 1989 quid
1068 1910 1115 1969 hic
1126 1910 1300 1999 respondeat.
1372 1910 1391 1977 J

516 2000 573 2059 Pa.
585 1998 686 2081 Neque
697 2000 766 2072 istic,
757 2024 871 2093 ,neque
883 2004 951 2063 alibi
962 2004 1015 2061 tibi
1028 2003 1143 2083 usquam
1152 2004 1205 2063 erit
1216 2002 1297 2075 inme
1307 2025 1396 2069 mora.

635 2100 688 2175 By.
701 2075 789 2157 Hem.

514 2187 574 2251 Da.
585 2190 748 2251 Obmutuit.
769 2196 821 2271 By.
833 2194 914 2279 Qid
923 2195 1011 2254 dixit!
1036 2196 1077 2255 Si.
1091 2192 1172 2253 Facis
1183 2206 1215 2263 ut
1203 2206 1253 2255 tte
1262 2192 1388 2262 decet,

512 2287 612 2373 Qum
623 2287 702 2361 istuc,
716 2291 795 2369 quod
808 2290 928 2370 postulo,
940 2290 1060 2371 impetro
1070 2311 1135 2348 cum
1146 2287 1250 2371 gratia.
1358 2307 1392 2348 11

511 2384 572 2442 Da.
580 2384 649 2443 Sum
655 2387 752 2445 verus?
764 2387 816 2463 By,
824 2385 933 2454 Herus,
939 2401 1076 2462 quantum
1082 2384 1176 2455 audio,
1185 2406 1270 2452 uxore
1279 2382 1393 2458 excidit,

511 2481 554 2542 Si.
568 2479 583 2539 I
595 2484 732 2561 nunejam
740 2480 832 2553 intrsu
848 2480 919 2539 nein
928 2502 1017 2551 mora,
1026 2503 1090 2541 cum
1101 2503 1171 2561 opus
1179 2482 1223 2553 fit,
1233 2484 1292 2541 sies.
1352 2540 1353 2545 ,

513 2579 569 2637 Pa.
581 2577 637 2640 Eo.
656 2580 710 2657 By.
722 2577 844 2639 Nullane
854 2578 884 2639 in
894 2600 925 2657 re
936 2578 986 2639 effe
995 2578 1102 2639 homini
1111 2578 1243 2657 cuiquam
1254 2581 1354 2641 fidem!

509 2673 617 2735 Verum
627 2673 698 2734 illud
708 2675 824 2733 verbum
834 2674 882 2743 est,
894 2674 981 2757 vulgo
990 2675 1068 2752 quod
1077 2674 1134 2733 dici
1145 2674 1224 2746 solet,
1355 2691 1391 2751 15

509 2768 617 2829 Omnes
631 2770 682 2831 fibi
696 2770 779 2831 malle
789 2768 888 2829 meiius
899 2768 961 2837 effe,
975 2788 1061 2846 quam
1072 2766 1162 2830 alteri.

508 2863 576 2950 Ego
587 2864 665 2925 illam
675 2865 732 2925 ridi
743 2863 890 2947 virginem,
901 2862 1008 2920 forma!
1024 2861 1100 2919 bona

507 2958 628 3019 Memini
640 2961 744 3021 videre.
766 2980 823 3037 quo
834 2957 951 3035 aequior
962 2956 1020 3015 sum
1033 2956 1192 3035 Pamphilu,

508 3054 539 3112 Si
549 3054 575 3115 se
586 3056 701 3117 illumin
715 3057 829 3127 somnia,
843 3076 929 3135 quam
941 3053 1030 3122 illum,
1042 3052 1173 3133 ampleeii
1184 3054 1293 3115 maluit.
1311 3075 1313 3083 ·

509 3147 705 3225 Renuntiabo,
719 3165 751 3211 ut
760 3174 813 3231 pro
824 3152 878 3214 hoc
889 3149 964 3209 malo
975 3148 1044 3215 mihi
1053 3150 1101 3217 det
1115 3148 1230 3217 malum.
1349 3170 1388 3225 πᾳ

606 3314 829 3387 Aurus
873 3314 916 3373 11.
969 3310 1187 3383 scuuA
1228 3292 1331 3373 vu

798 3422 1113 3476 DAVUS.SIMO.

878 3524 1011 3563 navus.

505 3612 596 3671 HIC
611 3628 683 3665 nunc
692 3626 737 3664 me
751 3601 840 3664 credit
849 3601 973 3679 aliquam
985 3595 1034 3656 fibi
1046 3593 1186 3655 fallaciam

503 3706 633 3772 Portare,
645 3716 674 3759 et
684 3722 717 3757 ea
728 3720 771 3757 me
782 3696 829 3760 hic
839 3695 962 3756 restitiffe
974 3690 1077 3777 gratia

503 3802 545 3859 Si.
561 3797 650 3885 Qod
667 3794 767 3853 Davus
787 3791 900 3851 narrat?
942 3788 1000 3909 Du.
1016 3786 1120 3865 Aeque
1141 3785 1297 3867 quidquam
1312 3806 1401 3855 nunc

624 3890 747 3969 quidem.

503 3992 544 4050 Si.
550 3986 768 4051 Nihilne3hem.
788 3982 847 4042 Da.
858 3980 938 4042 N1h11
948 4002 1015 4061 pror
1016 3978 1069 4039 us
1092 3981 1134 4039 Si.
1144 3976 1240 4058 Atqui
1252 3980 1383 4060 expe6ia

620 4083 687 4141 bam
698 4066 860 4158 quidem.
