3700 5259
512 747 561 870 9,ὖέ
761 814 1137 864 PHORMIO.

514 927 568 988 De.
580 923 672 1012 Qid,
682 923 830 990 franiman
840 922 942 982 debet?
961 922 1010 982 Ge.
1020 921 1106 1004 Ager
1118 923 1262 1002 oppositus
1274 925 1317 984 est
1325 925 1394 1008 pig.

635 1041 707 1090 non,

516 1115 565 1176 Ob
574 1117 669 1174 decem
675 1111 884 1190 minan,inquit,
899 1112 953 1171 De.
960 1111 1042 1195 Age,
1047 1132 1119 1194 age3
1129 1115 1189 1192 jann
1199 1115 1295 1174 ducat:
1307 1116 1392 1184 dabo,

515 1213 563 1270 Ge.
574 1207 731 1269 Aediculae
745 1207 813 1266 item
825 1206 888 1264 sunt
901 1207 940 1264 ob
952 1207 1048 1265 decem
1062 1208 1142 1268 alian.
1164 1212 1217 1269 De.
1229 1211 1283 1268 Oi!
1306 1209 1370 1268 hui!

516 1299 644 1365 Nimium
658 1303 706 1362 est.
730 1305 778 1364 Cb.
791 1303 835 1361 Ne
849 1299 955 1358 clama:
975 1299 1068 1379 petito
1078 1303 1183 1362 hascoa
1194 1325 1238 1362 me
1248 1307 1353 1365 decem.

517 1399 564 1458 Ge.
577 1398 669 1458 Uxori
685 1400 805 1458 emunda
818 1395 1003 1470 aneillula'stt
1023 1409 1086 1454 tum
1098 1397 1223 1475 pluscula
1356 1402 1398 1475 oq

517 1493 696 1572 Supellestile
710 1516 781 1573 opus
792 1493 843 1552 est:
864 1511 936 1568 opna
949 1488 989 1548 est
1002 1487 1093 1548 sumtu
1104 1493 1142 1550 ad
1154 1492 1282 1575 nuptias:

517 1587 575 1648 His
590 1589 673 1648 rebus
687 1589 750 1647 sune
763 1607 847 1666 pone,
856 1583 961 1662 inquit,
969 1585 1066 1658 decem
1079 1586 1179 1646 minan.
1197 1588 1201 1595 ’

518 1683 572 1742 De.
585 1683 735 1742 Sexcentas
745 1681 863 1761 proinde
876 1680 991 1740 scribito
999 1683 1059 1762 jam
1070 1681 1139 1740 mihi
1152 1683 1240 1759 dicae.⁸

517 1777 597 1838 Nihil
611 1779 658 1836 do.
681 1778 837 1856 impuratus
849 1798 893 1835 me
907 1776 954 1834 ille
967 1791 1001 1835 ut
1009 1774 1098 1836 ¹etiam
1112 1778 1245 1838 irrideat?

518 1875 566 1934 Ch.
576 1873 702 1959 Queso,
716 1893 771 1954 ego
785 1871 870 1940 dabo,
885 1869 1004 1949 quiesce.
1025 1884 1058 1930 tu
1069 1874 1165 1944 modo,
1179 1874 1253 1934 filiun
1355 1877 1395 1953 65

517 1967 576 2032 Fac
590 1985 622 2027 ut
635 1969 712 2027 illam
726 1973 821 2037 ducat,
836 1989 886 2026 nos
898 1989 984 2044 quam
997 1968 1134 2027 volumus.
1158 1970 1213 2029 An.
1224 1969 1284 2028 Hei
1294 1970 1380 2030 mihis

518 2060 607 2130 Geta,
618 2061 741 2124 occidisti
756 2081 800 2118 me
813 2059 870 2118 tuis
882 2059 1012 2118 fallaciis.

520 2157 568 2214 Cb.
579 2155 646 2214 Mea
659 2157 741 2222 causa
751 2156 874 2235 ejicitur:
895 2176 940 2212 me
951 2157 1006 2213 hoc
1019 2156 1058 2214 est
1072 2177 1191 2237 aequom
1202 2156 1340 2238 amittere.

519 2252 565 2309 Ge.
581 2253 729 2336 Qantum
742 2253 835 2330 poteo,
849 2272 893 2310 me
907 2252 1066 2322 certiorem,
1077 2252 1180 2330 inquit,
1191 2253 1267 2312 sacer

521 2347 551 2406 Si
567 2348 643 2408 illam
654 2353 732 2418 dant,
747 2348 819 2406 hanc
831 2361 861 2406 ut
871 2346 997 2406 mittente
1018 2369 1051 2404 ne
1066 2347 1270 2406 incertuasrem.
1360 2366 1402 2424 70

520 2444 595 2503 Nam
605 2447 647 2504 illi
657 2446 729 2504 mihi
738 2447 833 2503 dotem
843 2445 902 2520 jam
915 2442 1118 2501 constituerunt
1130 2445 1206 2502 dare.

523 2539 570 2596 Ch.
581 2540 643 2614 Jam
658 2539 791 2619 accipiat:
812 2537 867 2595 illis
881 2538 1029 2616 repudium
1042 2539 1195 2597 renuntiet:

524 2631 609 2690 Hanc
623 2635 716 2693 ducat.
739 2620 792 2692 De.
804 2636 887 2718 Qae
900 2633 1014 2721 quitiam
1029 2635 1071 2692 iui
1080 2657 1124 2692 res
1134 2648 1227 2692 vortat
1235 2633 1322 2692 male!

523 2729 570 2786 Ch.
582 2726 750 2807 Opportune
765 2729 834 2786 adeo
846 2749 918 2786 nunc
929 2743 1079 2810 argentum
1092 2751 1200 2789 mecum
1209 2729 1311 2800 adtuli,

522 2823 668 2894 siusium,
682 2847 767 2914 quem
781 2825 883 2884 Lemni
897 2826 992 2884 uxorio
1004 2827 1123 2886 reddunt
1135 2827 1263 2906 praediat
1358 2845 1398 2906 75

524 2919 559 2986 Id
569 2917 699 2977 sumamt'
710 2921 801 2992 uxori,
812 2919 866 2979 tibi
880 2941 952 3000 opua
965 2921 1027 2991 esse,
1039 2921 1147 2980 dixero.
1365 2925 1367 2928 ⁴
1381 2916 1392 2932 ²

622 3081 842 3155 ACTUS
885 3084 1206 3175 mentun
1242 3085 1294 3150 IV.

765 3207 985 3255 auriono.
1021 3209 1151 3266 naun.

867 3321 1047 3368 nunrrno.

526 3389 662 3450 GETA!
695 3394 741 3454 Ge.
755 3396 848 3456 Hem!
873 3397 928 3458 An.
937 3398 1018 3483 Qid
1030 3397 1130 3478 egistis
1155 3398 1202 3459 Ge.
1215 3394 1336 3456 Emunxi
1352 3417 1401 3468 arf

645 3503 733 3569 gento
744 3489 829 3549 senen.
1407 3487 1411 3494 ’

523 3582 580 3641 An.
594 3582 684 3640 Satin'
696 3583 724 3641 id
735 3584 792 3643 est?
812 3585 858 3643 Ge.
869 3584 970 3655 Nescio
980 3586 1088 3645 hercle:
1108 3599 1219 3645 tantum
1228 3584 1313 3663 jussus
1328 3582 1401 3664 sum.v

526 3674 580 3735 An.
594 3675 673 3734 Eho!
697 3677 821 3748 verbero,
837 3679 913 3739 aliud
927 3680 995 3738 mihi
1010 3682 1167 3760 respondet,
1181 3701 1304 3760 aerugo.

525 3771 572 3830 Ce.
584 3771 664 3854 Qid
679 3793 747 3852 ergo
757 3775 870 3833 narras?
892 3775 947 3834 An.
959 3778 1041 3859 Quid
1050 3799 1105 3859 ego
1111 3779 1234 3834 narrem!
1256 3786 1403 3853 operatua

524 3867 575 3939 Ad
591 3865 681 3925 restim
696 3868 763 3925 mihi
776 3870 888 3947 quidem
902 3893 945 3930 reo
959 3872 1043 3930 rediit
1055 3870 1225 3949 planissume.
1383 3889 1402 3950 5

525 3967 567 4034 Ut
583 3975 611 4021 te
625 3962 738 4040 quidem
752 3985 847 4024 omnen
862 3964 916 4035 Di,
927 3966 1073 4044 Deaeque,
1089 3965 1200 4043 Superi,
1217 3962 1314 4036 Inferi,
1392 3963 1412 4024 ’.

523 4060 609 4142 ΜΒ
618 4059 750 4144 exemplis
764 4061 899 4144 perdant!
920 4061 1004 4147 hem!
1026 4059 1046 4118 fi
1061 4057 1131 4144 quid
1144 4058 1221 4135 velit,
